3088 5140
564 377 802 446 -1ee-

107 549 358 622 Seminarium
381 550 641 620 ecclesiasticum
663 548 719 616 vel
741 550 935 620 clericorum
957 551 1011 620 vel
1032 561 1221 640 puerorum

106 655 298 726 Sententia
321 664 475 724 contra
497 657 741 724 matrimonium
770 676 837 720 non
865 658 986 722 transit
1014 659 1049 722 in
1077 677 1146 725 rem
1162 655 1256 742 judi·

203 769 322 828 catam.
365 758 474 826 Aliter
496 761 659 842 sententia
681 779 759 845 pro
782 762 1000 826 matrimonio.
1031 758 1084 826 Gl.
1108 759 1153 826 ad
1176 781 1202 825 c.
1226 760 1276 823 ‘Is

106 969 227 1054 Septa
255 971 275 1032 i.
305 989 332 1034 e.
363 967 518 1033 clausura
548 970 597 1033 sio
625 967 714 1034 dicta
745 988 765 1032 a
796 965 928 1053 „sepie“
961 964 1126 1034 vocabulo
1156 961 1257 1052 (infra

203 1079 301 1157 septa
322 1069 538 1156 monasterii).

274 1174 326 1242 Gl.
350 1173 394 1240 ad
416 1174 507 1241 elem.
531 1177 558 1240 1.
580 1173 713 1262 111.10.

106 1276 367 1364 sequestratio
387 1280 409 1344 i.
431 1299 458 1344 e.
480 1277 643 1346 detractio
662 1279 738 1364 juro
759 1279 852 1344 facta
874 1279 1098 1365 possessionis
1122 1312 1163 1326 ·-
1190 1277 1256 1344 alia

203 1381 332 1467 injure
354 1379 534 1458 Canonico
556 1385 590 1446 in
613 1403 679 1468 quo
703 1380 894 1448 extenditur
917 1384 1018 1448 etiam
1049 1380 1094 1448 od
1114 1381 1255 1468 puellas,

206 1505 306 1572 quam
324 1487 359 1549 in
377 1485 453 1570 jure
476 1485 637 1550 Romano

112 1589 307 1654 Serenae
298 1610 332 1652 111
353 1587 516 1654 Kalendis
539 1585 692 1676 Januarii
714 1608 806 1654 more
821 1586 993 1694 gentilium
1014 1608 1080 1653 non
1103 1595 1181 1656 sunt
1200 1587 1256 1654 sa-

90 1715 96 1726 ·
204 1689 350 1756 ciendae.
394 1695 556 1754 Brouoott.

111 1793 347 1878 Sesculpa‚1
370 1815 542 1861 ausurae
564 1794 618 1860 vel
641 1794 708 1861 alia
729 1795 832 1860 lucra.
855 1816 883 1862 o.
906 1797 955 1861 19.
979 1793 1054 1862 dist
1076 1795 1127 1860 46.

250 1897 467 1963 Correotores
498 1897 641 1964 Romani
671 1899 714 1964 ad
739 1921 765 1964 a.
788 1901 816 1962 2.
848 1897 924 1964 dist.
948 1901 1000 1964 47.
1031 1907 1084 1966 est
1105 1897 1255 1966 vocabu·

203 1991 273 2066 lum
288 2001 483 2066 Romanum.
1157 2079 1169 2100 ι

250 2107 419 2167 Salmasius
443 2103 484 2170 de
507 2103 614 2168 modis
636 2125 766 2170 usurar.
788 2127 820 2192 p.
843 2105 894 2169 41.
911 2105 983 2170 311.
1008 2113 1060 2172 est
1081 2121 1255 2190 numerus3

207 2206 376 2272 dimidium
398 2207 587 2296 appellatur
610 2207 819 2294 sesquialter.

272 2311 433 2374 Forcelltni
455 2332 480 2375 s.
504 2333 535 2375 v.
554 2311 737 2396 sescuplus.

111 2413 188 2480 Sex
212 2417 298 2480 enim
310 2415 476 2480 aetatibus
490 2413 602 2479 mundi
617 2415 789 2498 generatio
807 2421 840 2480 et
854 2413 996 2478 hominis
1012 2419 1120 2481 status
1131 2415 1254 2500 finitur,

208 2515 241 2601 1)
272 2519 412 2604 prima
441 2519 526 2583 enim
556 2526 651 2583 aetas
680 2521 713 2581 in
744 2519 878 2582 aomina
901 2524 953 2583 est
973 2509 1145 2601 infantia,
1168 2539 1255 2604 quae

273 2620 500 2708 duratusque
522 2619 566 2684 ad
589 2621 766 2705 septimum
788 2641 918 2701 annum,

202 2723 238 2809 2)
269 2723 456 2791 secunda
477 2725 621 2810 pueritia
640 2743 747 2810 usque
771 2723 815 2788 ad
833 2722 1065 2789 duodecimum
1088 2722 1143 2790 vel
1163 2723 1255 2789 deoi-

271 2849 360 2894 mum
382 2834 538 2914 quartum
558 2846 688 2910 annum,

202 2929 238 3016 3)
269 2934 403 2997 tertia
426 2929 628 2996 adolescent
605 2937 653 2994 tra
674 2951 783 3018 usque
813 2930 858 2996 ad
887 2931 1082 3017 vigesimum
1105 2933 1255 3017 quintum

271 3055 402 3104 annum

203 3133 239 3220 4)
270 3144 466 3223 quarta]
459 3138 611 3204 'aventus
634 3137 688 3202 vel
710 3137 812 3202 virilis
836 3144 930 3204 aetas
959 3157 1067 3224 usque
1089 3135 1133 3202 ad
1156 3140 1255 3225 quin-

272 3243 511 3327 quagesimum,

158 3343 188 3409 5.
213 3342 247 3429 6)
271 3347 420 3429 quinta
443 3351 599 3410 senectus
611 3364 718 3430 usque
730 3343 774 3410 ad
784 3346 1069 3430 septuagesimum
1081 3351 1254 3414 etsexta

272 3446 404 3530 abinde,
428 3467 515 3533 quae
537 3446 658 3512 dicitur
681 3450 850 3514 senium

327 3548 382 3617 Gl.
406 3549 449 3614 ad
463 3569 609 3636 prooem.
631 3553 665 3614 in
683 3549 755 3614 vla
826 3541 830 3549 ⁴

113 3641 257 3720 ssiteta
278 3685 320 3700 -
343 3655 400 3738 qui
420 3661 552 3720 sextum
574 3653 800 3721 Decretalium
819 3654 1005 3740 profitetur.
1039 3652 1115 3720 Vid.
1136 3653 1254 3720 Anna-

203 3755 253 3822 les
280 3755 434 3824 Heidelb.
455 3765 534 3822 tom.
556 3756 581 3824 I.
604 3755 741 3824 Calend.
762 3760 796 3823 in
817 3777 931 3824 mense
953 3756 1102 3824 Octobri.

114 3859 263 3924 sextula
289 3893 323 3906 -
347 3868 448 3926 sexta
470 3881 550 3948 pars
580 3864 699 3930 unciae
721 3864 802 3928 auri.
829 3864 961 3926 larinas
988 3860 1168 3947 deorig'in.
1197 3860 1252 3928 lib.

203 3964 253 4027 16.
277 3984 304 4028 c.
323 3964 374 4028 24.

116 4063 285 4146 sidrach,
307 4067 454 4146 Misach‚
484 4066 671 4152 Abdenago
694 4103 735 4116 -
758 4077 828 4134 tres
857 4069 982 4136 fratres
1016 4070 1064 4154 pii
1094 4067 1252 4154 (Ananis,

202 4168 336 4252 Asaria,
358 4169 503 4254 Misael).
523 4170 564 4236 V.
585 4171 765 4258 prophetia
788 4171 948 4238 Danielis.
971 4193 998 4236 o.
1021 4171 1052 4237 3.
1073 4173 1104 4236 4.

243 4275 364 4358 Morari,
388 4271 583 4342 dictiouaire
606 4273 790 4364 historique
813 4297 838 4340 s.
862 4275 894 4340 1ι.
913 4297 944 4338 v.
967 4296 995 4341 a
1018 4276 1047 4340 1.
1069 4274 1145 4340 dist.
1168 4279 1198 4341 9.

112 4376 225 4445 Sidus
249 4384 301 4444 est
324 4376 421 4444 stella
442 4377 498 4444 vel
520 4386 655 4447 astrum.
678 4384 760 4444 Fen.
783 4401 814 4446 v.
838 4378 983 4446 Mundus
1006 4400 1055 4448 nr.
1079 4378 1151 4448 172.
