3108 5138
602 371 814 437 ..13-

232 543 303 628 ejus
319 545 427 608 sinum
449 543 679 628 confugerant.
703 542 768 608 Est
785 546 974 609 immunitas
989 543 1147 610 localis
1171 543 1280 609 eccle-

227 648 308 729 siae,
330 667 403 708 cum
424 645 481 708 illa
505 645 663 709 dividitur
684 649 718 710 in
740 647 959 732 personalem,
982 647 1107 712 realem
1130 655 1164 712 et
1186 647 1280 712 loca-

229 749 302 812 lem.
338 747 450 812 Causa
473 750 521 810 17.
544 748 690 813 Decreti.
715 753 869 813 Ttomcsa.
891 749 1007 814 Index.
1039 755 1185 829 Bocettrt,
1209 771 1278 816 can.

227 851 337 916 Rccht
369 849 402 916 S.
427 850 498 914 515.

128 953 296 1020 Attentio
319 962 371 1018 est
394 960 489 1017 actus
512 954 718 1037 intellectus,
748 975 809 1041 per
833 977 931 1042 quem
959 957 1057 1020 homo
1088 955 1280 1022 considerat

229 1079 287 1140 ea,
311 1077 398 1142 quae
419 1057 503 1120 facit
526 1065 559 1121 et
583 1057 696 1122 differt
718 1058 761 1122 ab
782 1060 975 1142 intentione,
999 1079 1086 1145 quae
1109 1067 1161 1124 est
1184 1067 1278 1124 actus

227 1159 409 1224 voluntatis
434 1161 523 1223 circa
545 1160 653 1224 finem.
676 1163 815 1223 Ferraria
838 1183 863 1225 s.
886 1161 917 1224 h.
939 1184 969 1225 v.

132 1261 348 1330 Auctoritas
370 1265 389 1324 i.
413 1283 441 1326 e.
464 1269 617 1347 potestas
641 1285 768 1327 summa
791 1263 952 1328 ecclesiae
976 1265 1017 1329 de
1039 1265 1105 1330 fide
1128 1272 1162 1328 et
1196 1287 1279 1350 ope-

209 1367 329 1430 ·ribus.
373 1363 438 1429 Est
458 1368 492 1428 in
515 1368 713 1450 episcopatu
743 1366 905 1430 eeclesiae
939 1369 1094 1451 (Botpmt,
1123 1366 1279 1454 l’episco-

227 1468 334 1555 pato),
348 1491 479 1554 semper
492 1471 586 1532 firma
601 1477 760 1550 remanet,
782 1477 816 1534 et
831 1470 1010 1554 adjuvatur
1026 1470 1182 1537 subsidiis
1198 1492 1280 1534 con-

229 1572 377 1638 ciliorum
389 1576 675 1638 oecumenicorum
689 1580 723 1637 et
739 1574 906 1658 pontificis
930 1571 963 1638 S.
989 1574 1278 1639 constitutionibus

231 1674 374 1758 (Schelle,
397 1683 546 1760 systema
564 1677 629 1759 jur.
653 1675 731 1740 eccl.
753 1698 784 1761 p.
807 1674 895 1760 347.)

265 1778 368 1865 Apud
390 1780 626 1844 Protestantes
651 1777 825 1845 Credenda
847 1788 881 1846 et
910 1779 1054 1865 Agenda
1083 1779 1279 1866 plerumque

136 1902 140 1911 ·
227 1883 393 1948 hominum
416 1887 575 1948 scientiae
598 1883 788 1948 tribuuntur
811 1891 844 1947 et
855 1883 1088 1970 philosophiae
1102 1884 1275 1965 humanae,

231 1987 272 2050 de
295 2007 362 2072 qua
384 1987 551 2051 Damasus
573 2007 663 2072 papa
685 1989 719 2049 in
741 2008 791 2072 ep.
816 1988 836 2050 8
857 1987 962 2052 verba
977 1986 1075 2049 facit:
1098 1985 1182 2050 haec
1201 1983 1278 2070 phi-

228 2089 382 2175 losophia
406 2097 457 2153 est
477 2092 662 2180 sapientiae
685 2089 851 2154 saeculari
881 2092 1002 2162 amica,
1034 2090 1166 2152 inimica
1188 2086 1277 2169 fidei,

227 2213 391 2256 venenum
414 2192 584 2277 quoddam
605 2194 687 2277 spei,
710 2191 833 2255 bellum
863 2193 1096 2276 gravissimum
1119 2193 1278 2254 caritatis.

231 2293 395 2378 (Coactum
418 2317 492 2381 epp.
516 2295 611 2360 Rom.
633 2296 729 2359 Pont.
752 2317 784 2380 p.
807 2294 894 2378 536.)

269 2399 514 2462 Auctoritatem
535 2397 783 2462 Catholicorum
803 2400 970 2484 respicere
989 2397 1073 2462 velis
1086 2397 1176 2482 apud
1195 2395 1278 2460 Au-

229 2503 446 2586 gustinum
468 2502 698 2565 inean.8.9.
725 2502 773 2564 10.
803 2501 870 2564 dist
904 2501 953 2562 ll.
996 2503 1106 2564 Devoti
1124 2501 1180 2584 jus
1205 2519 1276 2563 ean.

229 2606 316 2666 univ.
341 2611 418 2668 tom.
442 2603 483 2668 ΙΙ.
507 2603 673 2689 praefatio
696 2624 726 2689 p.
752 2605 818 2683 10„

137 2703 295 2770 Auditor
318 2713 387 2770 tam
405 2705 514 2790 judex
538 2725 637 2790 quam
650 2705 856 2771 consiliarius
870 2742 910 2752 -
932 2727 997 2770 non
1019 2727 1097 2770 raro
1116 2705 1277 2792 legationi

229 2807 398 2892 adjectus:
420 2810 568 2894 inprimis
590 2807 698 2892 judex
708 2808 763 2874 vel
777 2829 798 2872 a
812 2829 902 2894 papa
917 2808 968 2874 vol
984 2810 1018 2872 in
1032 2829 1169 2874 romana
1183 2811 1276 2872 curia

228 2910 418 2996 deputatus.
440 2910 533 2975 clem.
555 2912 585 2976 3.
607 2911 632 2976 Ι.
655 2913 684 2975 2.
1105 2899 1117 2924 '

134 3012 364 3095 Augustinus
386 3013 567 3082 -doctor
579 3014 738 3083 ecclesiae
753 3049 794 3062 -
816 3015 1088 3101 philosophorum
1102 3018 1275 3102 princeps3

230 3122 398 3196 depositae
431 3119 466 3180 in
497 3117 796 3203 disputationibus,
835 3122 1020 3198 Hieronymo
1055 3121 1089 3182 in
1118 3118 1275 3200 historiis,

228 3222 373 3300 Greporio
395 3223 429 3284 in
458 3219 638 3285 moralibus
661 3220 863 3284 credendum
883 3229 942 3286 est.
973 3221 1090 3306 glossa
1118 3220 1162 3292 ad
1190 3242 1217 3286 c.
1246 3223 1276 3284 6.

226 3324 300 3393 dist.
324 3326 374 3389 10.
404 3391 406 3396 ,

136 3425 303 3508 Aurigae
320 3464 361 3488 ε-
380 3429 545 3492 comici
574 3435 608 3492 et
637 3430 798 3494 scenici
827 3464 868 3474 —-
899 3428 1111 3514 appellantur
1141 3449 1275 3514 quoque

226 3535 348 3596 comati
378 3540 412 3596 et
442 3533 505 3597 viri
535 3535 689 3596 ducrum.
733 3535 850 3614 impete,
881 3530 1228 3606 Concil-Geschiohte
1250 3530 1275 3595 Ι.

172 3697 174 3702 .
223 3635 352 3720 p.115.
398 3695 401 3702 ⁴
511 3703 516 3711 ,
982 3625 987 3644 ’

135 3741 284 3806 Aurora
306 3761 370 3825 pro
390 3742 494 3806 missa
516 3763 546 3806 v.
569 3741 723 3802 Ferraria:
745 3738 852 3806 Index
872 3741 1002 3802 rituum.

135 3845 283 3906 Aurora
306 3849 357 3908 est
379 3846 427 3907 sic
451 3843 557 3925 dicta,
582 3845 678 3928 quasi
700 3845 811 3907 avium
833 3842 931 3906 hora:
964 3839 1121 3918 indecens
1145 3843 1216 3915 est.
1248 3843 1278 3906 si

224 3945 337 4012 radius
360 3945 440 4010 solis
463 3949 497 4012 in
518 3945 606 4010 lecto
631 3945 848 4010 dormientem
869 3946 1025 4009 inveniat.
1246 4021 1249 4029 1

135 4047 295 4140 Austria.
341 4047 377 4113 Si
407 4047 505 4133 hujus
528 4051 623 4134 regui
661 4051 805 4133 origines
836 4048 998 4134 indagare
1021 4046 1116 4130 velis,
1147 4068 1277 4132 semper

223 4153 458 4218 recurrendum
482 4161 533 4218 est
556 4152 600 4216 ad
615 4153 787 4216 historiam
806 4151 1076 4216 eeclesiasticam.
1098 4151 1277 4214 Provin-

227 4259 321 4320 ciae
351 4256 478 4340 Illyrici
505 4255 720 4333 occidentalis
751 4253 1077 4338 ecclesasticae
1098 4255 1163 4335 ita,
1193 4258 1230 4316 ut
1255 4274 1275 4315 a

228 4362 342 4425 Coreto
363 4380 385 4420 e
408 4361 439 4421 S.
467 4362 566 4422 Paulo
590 4357 654 4442 (cd.
679 4362 834 4422 Hotatcati.
855 4357 1041 4428 Amstelod.
1076 4357 1169 4421 1711.
1198 4375 1275 4440 pag.
