3080 5150
761 342 999 416 ...m-.-

467 523 633 600 8611666,
656 519 711 588 616
738 519 864 588 Kirehe
884 525 920 588 in
946 523 1043 588 ihren
1071 515 1217 588 Iisdem
1250 519 1358 590 durch
1390 519 1450 590 alla

519 624 778 692 Jahrhunderte.
821 627 933 692 Mainn
958 627 1052 694 1811.
1076 627 1169 694 1862.

313 727 464 796 Podcris
480 727 643 814 (6666616)
665 731 777 796 tunica
799 730 928 813 talaris,
950 733 1054 798 vastis
1066 730 1278 797 sacerdotum
1295 733 1451 817 antiquae

397 835 492 920 legis.
516 837 557 896 da
579 835 690 896 116666
711 837 754 896 66.
771 835 922 898 1166661161.
945 837 1082 917 11661166,
1094 833 1260 900 formulae
1276 834 1322 898 du
1343 832 1386 900 V.
1410 831 1450 896 du

398 935 437 1003 X
459 936 559 1002 sitele
581 959 612 1023 p.
636 937 708 1002 668.

313 1037 464 1104 Palania
486 1077 526 1088 -
549 1061 581 1104 v.
610 1043 782 1126 provincia
815 1041 1031 1108 Gnennanais.
1082 1044 1170 1104 Hebe
1203 1041 1449 1126 antiquissimae

398 1146 651 1210 constitutiones
673 1143 853 1229 synodales
875 1147 1067 1232 provinciae
1091 1143 1306 1212 Gnenncnsis.
1328 1144 1448 1209 Petre-

399 1246 583 1332 66111856.
1349 1295 1355 1300 -

441 1337 568 1415 Vetera
589 1349 805 1416 Monumenta
826 1349 987 1417 Poloniae
1009 1357 1044 1416 at
1059 1350 1260 1416 Lithuaniae
1284 1352 1447 1435 gentium·

400 1454 679 1539 queiinitimarum
687 1451 1068 1520 historiamillustrantia
1077 1455 1120 1519 ab
1132 1459 1297 1534 666661166
1307 1455 1447 1516 raama

399 1555 489 1622 edita
513 1558 736 1623 1217-1409.
763 1557 892 1624 Romae
913 1561 1005 1644 typis
1027 1558 1181 1623 Vatican.
1206 1557 1298 1623 1860.
1320 1555 1363 1622 Π.
1385 1553 1446 1620 vol

312 1659 426 1724 Polus
454 1663 474 1724 i.
504 1681 530 1726 e.
554 1659 969 1746 judiciumvconscientiae,
1007 1661 1179 1747 speculum
1210 1661 1446 1740 conscientiae;

401 1767 516 1827 Jooan.
539 1785 560 1828 6
584 1766 764 1844 0666161666
786 1767 819 1828 in
833 1773 979 1830 tractatu
1000 1771 1212 1830 tractatuum.
1233 1762 1293 1828 tl.

311 1864 532 1932 Pontiilcalia
563 1899 604 1914 ·-
633 1870 667 1932 in
706 1866 815 1933 aliena
850 1867 995 1934 61666661
1030 1887 1096 1933 non
1123 1873 1266 1953 possunt
1288 1867 1445 1946 exerceri,

397 1971 461 2034 nisi
484 1969 609 2036 alienus
633 1973 811 2056 episcopus
835 1971 878 2036 ab
901 1970 1067 2036 ordinario
1087 1971 1267 2055 requisitus
1290 1971 1344 2035 611.

311 2071 475 2157 Populus
510 2109 551 2120 -
590 2071 701 2158 quoad
739 2071 891 2158 eligendi¹
920 2076 954 2139 in
996 2073 1164 2140 beneficiis
1209 2071 1443 2138 ecelesiasticis

393 2177 449 2262 jus
472 2177 608 2243 habeat.

440 2279 497 2345 Ad
520 2279 698 2346 clamorem
720 2280 835 2368 populi
857 2280 966 2346 nullus
990 2289 1043 2346 661
1070 2279 1262 2364 eligendus,
1294 2280 1371 2364 quia
1390 2297 1443 2342 ec-

369 2387 371 2394 “
397 2384 548 2469 quendua
578 2406 643 2450 non
673 2393 741 2468 est,
772 2385 832 2450 sad
856 2383 1036 2457 docendus.
1066 2405 1093 2450 c.
1116 2385 1144 2446 2.
1167 2383 1242 2448 6161.
1265 2383 1315 2447 62.
1337 2379 1379 2466 gl
1402 2378 1443 2444 ad

397 2508 415 2552 0
447 2487 722 2670 2l3elllcld.6l²cp.
756 2591 798 2655 66
833 2589 994 2658 electione
1033 2588 1102 2675 (lib.
1132 2587 1253 2674 singul.
1284 2585 1441 2654 66166-

498 2713 645 2778 'ro'rea
670 2691 696 2778 1·
720 2692 765 2777 4·)

332 2881 335 2886 Ι
464 2799 591 2880 Raptae,
621 2795 663 2862 de
699 2796 917 2881 synodalibus
940 2799 1049 2864 causis
1080 2797 1157 2863 edit.
1192 2794 1441 2860 Woercrscticten

416 2950 419 2956 .
515 2919 591 2986 pag.
617 2901 687 2965 456.
755 2917 760 2926 ·
1175 2889 1177 2892 ’

308 3004 454 3088 Πορνεία
475 3021 542 3069 non
561 3011 618 3070 661
640 3003 840 3070 adulterium
862 3001 923 3070 esd
945 3011 1106 3096 stuprum.

309 3106 435 3172 Pontio
457 3125 618 3190 congrua
640 3107 786 3194 parocho
811 3115 869 3172 aut
891 3111 1017 3174 vicario
1039 3107 1095 3173 vel
1117 3108 1295 3173 seminario
1319 3106 1440 3172 consti·

393 3211 525 3277 tuenda.
570 3213 654 3275 Fara

307 3312 526 3379 Partiunarii
547 3321 624 3398 sunt
646 3317 680 3379 in
702 3313 950 3380 cathedralibus
974 3319 1008 3378 et
1030 3312 1216 3397 collegiatis
1230 3311 1437 3391 beneficiarii,

394 3420 450 3503 qui
472 3417 552 3482 alibi
573 3419 779 3504 portionarii,
803 3417 882 3482 alibi
903 3418 1125 3500 mansionarii,
1148 3414 1229 3480 alibi
1258 3413 1438 3478 hebdoma-

343 3519 344 3524 ’
394 3521 480 3586 66611
509 3527 542 3587 61
572 3521 651 3587 alibi
681 3522 777 3588 aliter
812 3527 1061 3606 nuncupanturr
1099 3520 1263 3604 assumpti
1292 3512 1437 3582 suntad

394 3623 598 3710 supplendas
621 3627 712 3692 vices
736 3623 979 3691 Canonicorum
1001 3645 1067 3690 non
1091 3622 1314 3688 residentium.
1357 3621 1437 3682 Ferr.

306 3725 524 3808 Per-tarium,
546 3731 607 3794 16.
628 3727 770 3814 gabella
1069 3805 1071 3810 ¹

306 3830 528 3912 Positiones‚
563 3853 667 3919 quare
696 3833 820 3898 fuerint
841 3832 1060 3898 introductae.
1083 3831 1127 3917 gl.
1150 3831 1194 3895 ad
1216 3831 1292 3894 c.1.
1314 3830 1347 3892 in
1368 3822 1436 3890 v10.

309 3950 311 3958 ¹
391 3933 434 4000 II.
457 3939 485 4000 9.

437 4037 546 4104 Erant
567 4037 683 4105 116666
708 4037 860 4124 singulae
880 4041 914 4104 in
935 4038 992 4104 lite
1014 4037 1257 4124 persequenda.

349 4139 384 4226 a)
406 4141 496 4207 Ante
517 4141 609 4209 litem
631 4149 853 4208 contestatam
877 4149 972 4207 erant
993 4143 1274 4227 interrogationes
1287 4138 1436 4222 inscrip-

391 4253 501 4312 turam
522 4245 688 4326 redactae,
711 4267 797 4333 quae
820 4245 864 4312 ad
894 4245 1133 4312 ordinationem
1153 4245 1221 4308 litis
1248 4228 1435 4321 tendebant,

391 4367 418 4416 a.
441 4369 473 4434 g.
494 4351 749 4435 legitimationae
772 4350 817 4416 ad
840 4371 976 4418 causam
998 4357 1032 4417 61
1053 4367 1256 4436 processum
