3108 5138
585 353 800 422 ..43..

1147 421 1157 456 Ο

231 527 308 594 doio
333 533 522 594 etoontum.
544 527 586 593 Π.
610 530 649 609 6.,
672 531 701 594 si
716 550 797 594 vero
819 548 920 595 rena
944 524 1150 612 contempnit
1164 523 1262 592 labo-

229 640 292 716 ret,
327 632 597 716 distinguendum
628 640 692 697 est:
735 632 811 698 Lite
837 631 986 698 nondum
1015 638 1203 696 contestata
1229 633 1263 694 in

234 738 366 800 actione
387 735 495 799 reali
518 742 612 799 actor
635 739 777 800 mittitur
810 739 853 800 in-
866 737 1111 822 possessionem
1133 737 1197 816 rei,
1221 733 1263 800 de

232 859 300 923 qua
322 838 513 924 disputatur
535 873 575 884 -
598 842 631 901 in
654 842 785 903 actione
807 860 887 904 vero
916 837 1137 923 personali
1159 839 1264 902 mitti-

154 970 157 979 ·
216 949 286 1006 'tur
306 944 343 1004 ie
364 944 610 1026 possessionem
629 942 806 1024 mobilium,
829 942 885 1006 vel
899 943 928 1006 si
950 959 990 1006 es
1005 941 1124 1024 desint,
1146 943 1264 1004 immo-

233 1044 347 1108 bilium
369 1065 431 1128 pro
459 1065 587 1108 summa
616 1052 727 1110 tamen
758 1045 875 1127 debiti,
906 1051 943 1108 ut
972 1043 1083 1109 taedio
1110 1043 1263 1108 adfectus

217 1167 309 1212 rens
329 1149 442 1212 veniat
463 1166 684 1232 responsurus
707 1169 735 1212 c.
758 1148 786 1214 5.
807 1149 855 1240 X
877 1155 915 1212 ut
936 1148 994 1214 lite
1026 1167 1092 1212 non
1112 1154 1199 1212 cont.
1222 1147 1264 1212 IL

231 1251 309 1316 Lite
332 1258 442 1316 autem
464 1257 652 1316 contestata
672 1251 715 1315 ad
736 1251 941 1318 definitivam
964 1254 1161 1330 sententiam
1182 1272 1265 1336 pro-

241 1353 385 1436 ceditur,
414 1353 470 1418 vel
500 1357 606 1418 actori
635 1357 805 1440 possessio
838 1355 1049 1440 adjudicatur
1070 1389 1113 1400 --
1135 1354 1265 1419 absenti

233 1464 345 1520 autem
367 1464 503 1521 servata
537 1460 733 1542 quaestione
762 1460 987 1544 proprietatis.
1032 1455 1136 1522 Samis
1157 1460 1265 1522 estin

231 1559 409 1642 beneficiis,
433 1579 573 1644 quorum
596 1581 717 1626 causae
741 1565 840 1624 etiam
861 1581 919 1626 reo
935 1569 1129 1626 contumace
1151 1561 1265 1624 termi-

229 1661 361 1726 nandae
381 1670 479 1736 sunt,
502 1683 611 1747 neque
633 1684 714 1727 vero
736 1667 865 1728 interea
893 1671 1041 1728 actorem
1070 1667 1104 1726 in
1134 1671 1265 1728 eor'um·

235 1765 310 1830 dem
331 1768 577 1851 possessionem
600 1769 685 1830 mitti
707 1787 811 1852 posse
842 1769 961 1832 statuit
992 1770 1186 1830 temnentes
1208 1765 1264 1828 IV.

235 1889 278 1932 ne
299 1889 360 1954 per
382 1869 447 1934 hoc
469 1869 513 1932 ad
535 1890 575 1932 ea
595 1873 767 1955 ingressus
789 1877 907 1956 patere
930 1869 1043 1934 valeat
1065 1871 1264 1934 vitiosus.

236 1993 263 2036 e.
286 1993 339 2036 un.
361 1973 396 2036 in
417 1969 491 2038 VI⁰.
514 1975 571 2057 qui
593 1975 674 2036 mitt.
697 1976 832 2058 inposs.
854 1973 896 2038 II.
919 1975 947 2036 7.
977 1971 1267 2036 Excommnnicari

233 2082 347 2161 potest
368 2095 445 2139 rens
475 2075 596 2140 absens
628 2085 661 2140 ot
682 2085 880 2157 contumax,
908 2084 943 2140 et
973 2075 1050 2140 dnm
1072 2074 1266 2158 irregularis

232 2180 281 2254 fit,
303 2198 363 2263 per
386 2182 687 2262 sequestrationem
709 2180 862 2246 beneficii
884 2181 992 2244 actori
1015 2177 1216 2243 sublevatur.

127 2283 353 2346 Conventus:
375 2301 436 2366 pro
458 2281 607 2367 legitima
630 2291 663 2346 et
685 2283 797 2346 valida
823 2283 1017 2347 fundatione
1047 2291 1267 2346 conventuum

216 2405 279 2450 seu
292 2387 575 2450 monasteriorum
603 2406 664 2450 seu
695 2386 927 2450 coenobiorum
949 2385 1167 2470 Regulus-ium
1190 2390 1267 2448 stant

215 2487 401 2552 omnimodo
425 2487 647 2552 attendendae
669 2489 858 2574 pontificiae
878 2489 1139 2553 constitutiones.
1183 2489 1267 2550 Ferr.

127 2589 258 2674 Cepisti
272 2619 321 2636 '-
343 2591 461 2655 forsan
483 2611 503 2654 a
526 2589 626 2676 Cipus
648 2594 669 2655 i.
691 2612 718 2656 e.
734 2591 910 2678 Aegypto.
942 2589 1022 2656 Sub*
1040 2592 1163 2654 eona
1175 2587 1267 2653 VIII.

216 2693 385 2779 scophris
403 2715 493 2758 nova
503 2694 682 2758 concordie
694 2717 768 2760 oum
779 2693 963 2760 Catholicis
979 2697 1014 2758 in
1036 2693 1186 2758 omnibns
1210 2713 1267 2756 ra-

217 2797 363 2861 tionibus
375 2797 440 2860 fuit
450 2796 606 2864 absoluta
615 2820 624 2880 3
648 2797 860 2913 appellantur
870 2799 1043 2860 Joootr'tuax
1065 2795 1156 2861 nullo
1168 2795 1267 2862 modo

219 2906 315 2964 erant
338 2897 490 2964 Graecae
503 2902 751 2966 communionis

128 3000 336 3085 copiates?
327 3025 348 3066 ι.
371 3023 399 3066 e
430 3001 605 3066 cleriei.-
616 3003 784 3068 laborent
770 2954 840 3087 tes,
862 3004 1017 3070 fosseriis
1035 3006 1148 3068 Bennoi
1169 2999 1266 3068 XIV

222 3105 264 3169 de
286 3125 358 3188 syn.
381 3105 485 3169 dioec
507 3104 562 3170 lib.
585 3105 676 3170 VIII.
700 3128 726 3170 c
749 3107 811 3171 IX.
835 3109 925 3173 ιιι.7
1076 3158 1080 3166 ,

131 3205 369 3288 Εαῶςιικ-
327 3208 478 3274 -idem
501 3212 558 3293 qui
580 3208 752 3276 cordelite
773 3209 1029 3276 Francisoenus.
1053 3208 1096 3294 gl.
1115 3157 1266 3274 adelam

217 3309 312 3376 3.V.
335 3312 588 3395 Metelloaue
656 3339 659 3358 ι
763 3337 880 3354 ··

129 3415 252 3478 Cornu
274 3413 392 3478 altaris
415 3441 457 3470 ι·-
479 3421 625 3499 quatuor
647 3435 771 3480 cornua
793 3415 932 3488 altarino
919 3361 1113 3478 ¹saloninus
1142 3368 1268 3478 incan.

218 3513 451 3602 poenitent&
472 3518 508 3580 7.
523 3521 564 3580 de
583 3516 1085 3601 Ferae(sd.1nmeta)11.p
1109 3515 1247 3600 609.ss
1256 3539 1268 3598 p

130 3621 278 3684 Corona
301 3621 542 3705 episcoporum,
564 3625 716 3684 Ttomoss.
739 3622 764 3686 Ι.
786 3622 893 3687 lion.
916 3644 943 3687 e.
966 3621 1017 3686 37.
1040 3621 1091 3686 45.
1126 3655 1128 3660 ·

123 3723 275 3806 „Corpus
297 3720 413 3786 delicti
435 3729 469 3788 et
484 3728 669 3808 recognitio
684 3711 835 3811 ejusdem
850 3733 1009 3812 tanquam
1030 3745 1086 3790 res
1102 3725 1268 3790 essentia-

217 3825 260 3889 lis
288 3825 361 3890 litis
380 3847 401 3892 a
418 3837 521 3890 'saorra
544 3829 682 3894 ecclesia
704 3831 857 3894 instituta
874 3836 937 3894 est.
957 3831 1101 3892 Ferraria
1111 3827 1173 3894 sub
1185 3844 1268 3894 voce

83 4001 86 4006 ,
218 3929 418 4014 Recognitio
441 3933 592 4016 torpetis
615 3931 740 3999 delicti
840 3963 844 3988 ι
874 3937 891 3994 .’
1168 3955 1171 3963 “

129 4034 274 4116 Corpus
292 4031 377 4114 juris
401 4065 442 4076 -
464 4033 663 4098 vocabulum
680 4037 950 4120 ‘antiquissimum
971 4037 1005 4098 ln
1019 4033 1268 4100 eolleetionibus

213 4135 299 4220 juris
322 4136 472 4198 canonici
493 4138 586 4219 prius
608 4145 789 4222 receptum,
813 4160 913 4224 quam
933 4140 1061 4224 injure
1085 4137 1199 4213 elvili.'
1251 4162 1256 4177 ·
1288 4159 1293 4168 ·

239 4235 449 4302 ·1Iditionurn
471 4242 621 4325 eorporis
640 4241 726 4326 juris
750 4241 972 4310 celeberrime·
990 4249 1044 4308 est
1065 4240 1167 4308 editio
1196 4237 1268 4304 no-

217 4358 317 4410 mana
339 4342 414 4428 anui
439 4341 532 4412 1587.
581 4382 583 4390 ⁴
