3108 5138
628 351 679 367 ...
718 317 765 386 *23
799 353 851 369 ..

259 489 404 579 capituli
459 488 528 557 Sed
555 503 623 557 noh
653 493 759 558 omnis
792 491 958 564 ffioooeole
987 496 1091 565 tubat
1112 501 1312 588 ottpltulum,

260 616 333 660 oum
352 595 435 662 sede
456 602 599 661 vacante
622 596 899 682 metropolitanus
926 595 983 666 vel
1009 605 1198 688 ‘proximior
1222 609 1314 694 epie-

244 719 363 784 ,oopne
386 697 581 765 intercedat.
624 701 738 778 Beata,
762 699 804 767 (le
827 699 982 788 capitulis
1005 703 1145 772 Parisiis
1169 705 1262 774 1852.

168 800 340 868 canonici
358 804 475 868 novitii
489 805 550 868 aen
571 801 889 870 Domioellaree
912 839 955 854 -
979 805 1312 878 dominuliuanonici.

257 908 371 971 Beato.
391 904 489 970 XIV.
512 905 543 971 d.
566 927 592 971 e.
615 904 647 969 d.
669 904 725 971 lib.
748 907 798 970 11.
822 925 849 972 o.
873 908 923 973 13.
948 905 976 994 ᾗ.
998 913 1030 974 4.

169 1007 391 1075 omonimum
416 1008 492 1092 jue:
522 1009 713 1074 conteratur
740 1029 814 1074 eum
838 1011 917 1095 jure
946 1014 1150 1099 justinianeo
1178 1023 1216 1081 et
1237 1037 1311 1082 oum

259 1110 442 1196 originibus
471 1111 559 1195 juris
599 1114 795 1198 germanici:
827 1115 994 1182 reserator
1027 1117 1206 1204 singularia
1239 1121 1311 1206 ejus

257 1221 386 1280 natura

215 1316 421 1405 a)iuprimie
444 1320 587 1384 occurrit
614 1316 782 1384 distinctio
810 1321 897 1386 inter
923 1321 981 1407 jue
1008 1322 1155 1389 divinum
1185 1333 1220 1391 et
1247 1325 1312 1393 hu·

272 1433 416 1486 mmm.

327 1545 355 1590 o.
379 1525 406 1587 1.
430 1522 554 1590 dinttss.
577 1524 631 1588 hio
648 1523 764 1590 eistat
785 1525 999 1614 philosophia
1017 1528 1122 1594 medii
1135 1533 1211 1595 neti
1233 1538 1312 1596 ante

326 1649 396 1694 rem
417 1625 665 1695 scholastioam.
687 1626 872 1694 Gratianus
889 1630 994 1695 verba
1009 1631 1094 1696 lauit
1116 1632 1312 1699 domnione

327 1739 360 1796 ot
378 1731 454 1816 jure
476 1729 621 1796 naturali
642 1733 792 1816 gentium
814 1749 859 1796 ox
888 1731 1101 1820 philosophia
1123 1735 1311 1822 platonica:

281 1864 284 1870 ¹
325 1839 511 1914 unowanus
533 1832 576 1898 de
588 1840 759 1920 potestate
771 1835 836 1900 Dei
855 1843 891 1900 et
913 1835 956 1900 de
973 1836 1107 1922 juribus
1122 1837 1310 1904 honmribus

328 1938 494 2004 oonoeeeis
509 1939 626 2022 itaque
648 1935 691 2001 de
709 1937 787 2022 jure
810 1937 921 2002 divino
945 1942 979 2004 et
1002 1940 1155 2016 humano.

212 2041 251 2127 b)
275 2039 398 2108 Oleriei
418 2042 576 2106 vixerunt
605 2039 680 2126 lege
710 2041 876 2106 Romana:
905 2044 1023 2129 ituque
1050 2051 1200 2128 systema
1225 2045 1310 2131 jurie

273 2146 416 2210 Romani
438 2150 471 2209 et
490 2163 545 2208 rea
567 2143 739 2209 teohnioae
762 2162 806 2208 ex
829 2144 1083 2232 orthographia,
1104 2147 1265 2233 prosodia
1277 2155 1311 2212 et

274 2247 478 2332 etymologia
498 2245 633 2331 linguae
654 2244 782 2311 latinae
799 2255 1020 2312 ooneervatae
1043 2255 1130 2313 eunt
1154 2265 1157 2272 ·

209 2349 247 2435 o)
271 2349 508 2436 Quaecumque
536 2369 617 2413 voro
640 2367 685 2412 ox
701 2348 779 2433 jure
799 2350 989 2434 germanion
1005 2351 1156 2436 inprimit
1174 2347 1309 2437 ‘er'rjure

270 2452 530 2538 Langobardioo
543 2449 758 2533 deeoonilunt,
778 2459 1012 2518 remanserunt
1034 2471 1079 2517 ax
1099 2451 1308 2539 tinguebat-

274 2558 440 2622 banorum·
1012 2617 1015 2627 .

212 2661 250 2748 d)
273 2659 366 2726 June
390 2657 584 2745 complexus
607 2658 736 2744 injure
757 2654 1007 2722 canonicalia
1035 2678 1074 2724 ee
1102 2655 1222 2724 hahet:
1250 2661 1307 2745 §ut

273 2783 491 2850 personarum
512 2782 539 2827 e.
562 2783 595 2846 g.
616 2763 859 2826 matrimoniale
882 2782 926 2827 ex
945 2762 1021 2847 jura
1044 2762 1155 2828 divino
1169 2763 1310 2827 etohri-

272 2868 382 2932 etiano
405 2865 592 2930 desumtum
614 2871 674 2929 eet
719 2863 783 2929 Jue
804 2864 1047 2949 obligationum
1076 2869 1120 2930 e'x
1137 2866 1216 2950 jure
1237 2865 1311 2932 tto-

275 2989 382 3052 mano‚
406 2967 467 3033 sed
488 2970 593 3033 omnis
616 2966 800 3032 solennitas
817 2967 905 3052 juris
928 2967 1072 3033 Romani
1091 2967 1226 3032 sublata
1249 2976 1310 3034 eat

272 3072 338 3138 Jue
360 3092 471 3137 rerum
493 3079 527 3136 et
549 3070 789 3136 hereditarium
810 3071 951 3136 mixtam
972 3078 1125 3136 naturam
1140 3071 1253 3156 hahet,
1276 3074 1311 3135 in

268 3179 478 3262 juratorum
500 3173 750 3258 distinguuntur
765 3187 820 3238 res
842 3173 938 3238 fundi
960 3182 994 3238 et
1009 3173 1160 3257 mobiles,
1181 3177 1216 3238 in
1234 3174 1311 3260 jure

275 3278 479 3346 hereditario
490 3277 746 3343 fideicommissa
756 3275 966 3362 praevalent,
978 3279 1027 3342 ita
1050 3277 1183 3364 quidem
1198 3284 1235 3342 ut
1256 3276 1312 3342 vel

276 3403 317 3450 ea
337 3387 475 3468 reoept'u
497 3383 574 3465 aiut,
597 3387 685 3466 qua'e
706 3381 740 3444 in
761 3379 913 3444 favorem
934 3400 1102 3467 peronnae
1123 3380 1312 3446 honoratae

276 3487 477 3551 constitutae
498 3490 586 3567 eunt,
608 3483 750 3568 deniquo
772 3481 896 3567 pendet
913 3482 1090 3568 plurimum
1111 3482 1310 3547 aharbitrio

272 3587 366 3652 tertii
385 3590 407 3653 i.
430 3607 457 3652 e.
480 3594 661 3652 executore
682 3587 874 3651 testamenti
896 3633 904 3650 .
926 3633 935 3651 .
957 3633 987 3650 ‚.

279 3694 343 3760 Jne
368 3691 574 3758 Canonioum
595 3693 704 3776 ipsum
725 3688 815 3754 nullo
846 3689 946 3755 modo
976 3687 1248 3774 cognomendum
1277 3696 1311 3756 et

277 3795 462 3862 dooeutlum
492 3801 544 3860 est
573 3793 704 3880 absque
733 3791 845 3858 studio
875 3794 1091 3869 exactissimo
1117 3793 1204 3880 juris
1237 3791 1312 3859 Ro-

277 3919 374 3964 manu

267 4002 388 4066 Minue
401 4007 557 4068 accurate
572 4000 658 4066 huno
675 4021 747 4066 rem
767 4006 917 4065 tractant
937 4002 1113 4063 Matium
1129 4001 1312 4065 (ledaeum.

273 4127 303 4170 e.
325 4127 356 4169 v.
375 4106 443 4192 jue,
462 4105 604 4190 justitie.
1289 4121 1294 4128 ·

175 4208 451 4276 convulserint
474 4230 502 4275 e.
524 4208 737 4276 beatificatio.
781 4211 903 4289 Deouti,
924 4209 1042 4273 inetitt
1063 4206 1130 4293 (ed.
1154 4205 1263 4272 Gand.
1286 4207 1312 4272 1.

261 4333 293 4405 p.
311 4315 397 4406 161).
419 4317 598 4382 Benedilem
605 4311 703 4384 XIV.
725 4311 769 4382 de
787 4325 961 4381 eorvonun
982 4312 1047 4380 Dei
1069 4310 1313 4379 beatilioatiouo
