3080 5150
756 363 975 430 ..56-

383 561 499 607 somno
533 541 640 604 minus
661 537 884 624 indulgeatur.
930 535 1032 622 gloss.
1056 534 1099 600 ad
1124 557 1151 602 c
1174 535 1223 602 56.
1247 535 1289 604 de
1313 539 1443 624 poenit.

382 646 458 712 dist.
479 645 507 708 1.

296 748 453 817 Dubium
475 770 506 812 v.
531 745 753 813 Conscientia.

296 855 475 921 nuestus:
504 850 610 916 verba
640 848 693 914 hie
723 847 951 914 nontacimus
974 846 1137 914 derebus
1161 847 1379 914 Germanicis
1402 885 1442 894 -

383 954 443 1021 sed
466 953 509 1018 de
532 951 654 1016 ducatu
675 953 710 1015 in
731 951 830 1015 Italia
847 952 919 1036 jam
934 951 1139 1037 temporibus
1155 953 1286 1038 imperii
1300 952 1443 1036 Byzan-

382 1059 452 1122 tini.
474 1056 526 1120 Ibi
548 1061 620 1119 erat
643 1053 785 1118 ducatus
810 1053 991 1138 Romanus,
1014 1058 1067 1118 eui
1094 1053 1330 1120 dominabatur
1349 1055 1444 1118 Pon·
1514 1111 1516 1142 r

383 1161 471 1226 tifex
493 1178 639 1224 summus
663 1177 702 1222 eo
718 1163 879 1243 tempore,
902 1177 968 1242 quo
994 1155 1149 1222 discessit
1169 1160 1347 1242 imperinm
1370 1158 1443 1242 By-

384 1265 553 1328 zantinum
582 1280 626 1324 ex
656 1262 756 1324 terris
786 1259 920 1324 Italicis.
953 1257 1035 1324 Clas
1066 1279 1169 1345 opera
1194 1263 1261 1322 Orat
1285 1267 1319 1324 et
1349 1264 1445 1325 Cenat

387 1365 442 1430 del
464 1365 608 1428 dominio
631 1361 751 1428 edella
773 1363 945 1428 sovranitd
967 1361 1018 1428 de'
1040 1362 1182 1426 Romani
1203 1364 1359 1448 pontifici
1382 1371 1443 1429 etc.
1516 1445 1517 1456 ἵ

384 1468 426 1534 de
455 1467 519 1531 hac
548 1487 585 1530 re
614 1465 661 1530 nil
681 1466 811 1552 profert
834 1469 969 1546 Saviynp
997 1469 1031 1530 in
1054 1466 1157 1532 celeb.
1181 1487 1234 1552 op.
1253 1467 1319 1550 jur.
1343 1466 1443 1531 Rom.

384 1570 469 1636 med.
492 1571 566 1635 aevi
587 1577 673 1654 part.
687 1568 712 1634 Ι.
733 1589 766 1653 p.
780 1570 961 1635 384—394.
983 1568 1099 1634 melius
1112 1571 1262 1649 Sclarpff,
1286 1569 1343 1635 die
1355 1568 1443 1634 Ent-

385 1674 530 1756 etehung
552 1672 612 1736 des
633 1672 889 1736 Kirchenstaats
912 1693 944 1756 p.
968 1674 1077 1757 9l.sq.
1517 1755 1518 1764 ἵ

302 1775 425 1842 liuline
454 1779 503 1840 ita
532 1782 643 1840 tamen
670 1775 812 1840 adorare
836 1775 1013 1858 debemus,
1035 1795 1077 1840 ne
1107 1774 1231 1840 duliam
1252 1777 1286 1840 in
1308 1775 1443 1840 latriam
1517 1767 1518 1806 ¹

387 1886 627 1944 convertamus.

427 1981 531 2046 Dulia
552 1990 605 2048 est
627 1981 735 2046 cultus
757 1981 812 2047 vel
835 1984 997 2065 servitus,
1028 2003 1115 2067 quae
1137 1982 1279 2048 debetur
1301 1982 1443 2048 homini:

386 2085 487 2150 latria
510 2085 617 2150 cultus
640 2085 696 2149 vel
717 2088 872 2167 servitus,
895 2105 981 2172 quae
1004 2086 1143 2152 debetur
1165 2086 1248 2150 Deo.

433 2188 552 2252 Latria
581 2189 620 2252 fit
656 2189 815 2273 Domino,
854 2187 944 2252 dulia
980 2209 1090 2272 servo,
1127 2188 1326 2274 hyperdulia
1361 2210 1442 2254 vero

385 2292 521 2356 Mariae.
544 2292 588 2376 gl.
610 2291 654 2355 ad
677 2314 703 2356 c.
727 2295 755 2355 2.
777 2295 810 2354 in
831 2290 903 2357 V10.
925 2292 950 2356 l.
975 2293 1023 2356 16.

300 2392 528 2478 liupondium
539 2405 569 2458 v'.
592 2395 702 2460 lexica
721 2395 895 2458 latinitatis
916 2396 1000 2480 juris
1012 2395 1154 2459 Romani
1178 2397 1305 2472 Obiciat,
1332 2395 1442 2460 Gotho·
1519 2375 1520 2406 ³

383 2501 471 2578 fredi,
493 2500 656 2580 Dirksenii,
681 2497 916 2583 dupondiarius
937 2497 1087 2562 dominus
1111 2500 1269 2562 estunius
1282 2497 1441 2584 dupondii

390 2603 410 2662 i.
435 2619 462 2666 e.
484 2599 609 2664 vilioris
632 2603 739 2686 pretii.
762 2605 803 2661 du
825 2602 935 2662 Freaae
956 2599 1130 2684 (lientebet)
1153 2600 1195 2665 Π.
1216 2622 1249 2686 p.
1272 2601 1344 2668 965.

302 2705 447 2784 liynus:
467 2705 553 2768 inter
576 2701 829 2767 Jureconsultos
850 2703 949 2766 medii
971 2705 1046 2767 aevi
1075 2706 1215 2789 primum
1238 2704 1367 2784 obtinet
1389 2703 1441 2768 lo·
1520 2697 1521 2744 l

391 2827 465 2870 cum
487 2808 521 2868 in
543 2805 747 2870 enucleando
773 2807 849 2890 jure
882 2809 1058 2890 canonico,
1082 2806 1143 2871 sed
1172 2806 1297 2891 ubique
1321 2806 1365 2871 ad
1384 2807 1440 2890 jus

389 2908 576 2973 Romanum
598 2911 753 2994 respicit,
776 2911 924 2994 inprimis
945 2912 980 2972 in
1011 2909 1134 2994 regulis
1153 2911 1238 2994 juris
1271 2909 1349 2974 libri
1370 2909 1439 2991 v1.‚

393 3032 478 3097 quas
502 3013 750 3076 accuratissime
773 3013 934 3099 explicuit
955 3015 989 3077 in
1011 3013 1172 3096 singulari
1196 3033 1306 3099 opere.

309 3112 454 3197 llyscoli
474 3121 509 3179 et
529 3115 769 3200 incorrigibiles
800 3138 843 3182 ex
871 3119 1048 3182 seminario
1075 3115 1294 3202 expellantur.
1340 3113 1441 3182 Cone.

393 3218 482 3282 Trid.
506 3216 598 3286 Sess-
620 3220 670 3286 23.
692 3220 734 3286 de
755 3221 888 3286 reform.
912 3241 939 3285 c.
963 3222 1012 3286 18.

842 3561 891 3657 ll.

303 3840 523 3920 Ebdomada‚
546 3862 577 3904 v.
593 3841 823 3907 Hebdomada.

303 3942 466 4009 Ecclesia
490 3962 612 4008 aurea.
635 3935 746 4030 Hasna,
771 3945 972 4012 Geschichte
996 3947 1056 4012 der
1077 3946 1254 4012 Concilien.
1278 3948 1302 4012 I.
1325 3948 1439 4032 past.

303 4045 461 4112 Ecclesia
477 4055 528 4112 est
542 4050 729 4112 institutum
739 4048 929 4133 inaequale:
951 4051 1001 4114 ob
1011 4071 1028 4114 e
1038 4051 1105 4114 die
1116 4072 1163 4114 ns
1176 4057 1228 4116 est
1242 4053 1439 4114 universitas

392 4156 425 4214 ct
437 4152 581 4237 societas
597 4155 738 4216 omnium
754 4150 1036 4217 Christianorum:
1059 4175 1214 4237 regens
1237 4174 1317 4217 vero
1331 4160 1440 4216 tuetur

390 4254 584 4319 societatem
596 4258 692 4340 quasi
705 4277 853 4341 organon
867 4259 1002 4343 spiritus
1020 4260 1143 4322 sancti:
1165 4259 1257 4322 vocis
1281 4259 1439 4340 originem

388 4357 492 4424 habet
515 4378 557 4422 ex
582 4357 786 4425 Graecorum
808 4359 933 4448 lingua,
956 4362 1135 4447 opponitur
1158 4380 1352 4446 synagogae
1376 4358 1438 4425 Ju-
