3088 5140
743 345 979 414 -152-

383 520 598 602 versitatum,
627 523 796 586 oeconomi
826 522 957 608 piarum
980 541 1156 588 causarum
1185 527 1219 588 et
1249 519 1430 588 defensoris

386 619 482 686 simul
504 641 577 686 cum
595 621 729 708 juribus
751 623 1000 706 advocatorum,
1023 645 1097 690 oum
1110 623 1296 692 advocatus
1308 625 1431 692 solum-

384 722 484 788 modo
508 723 675 810 obligetur
696 723 741 790 ad
764 724 935 792 consilium
965 735 999 793 et
1030 725 1121 792 nullo
1151 727 1251 794 modo
1279 735 1432 794 teneatur

384 829 511 894 nisiex
534 827 611 895 dolo
634 862 675 876 -
698 828 755 892 alii
777 849 856 894 vero
879 831 1020 896 ministri
1042 851 1086 898 ex
1118 833 1256 917 propria
1284 833 1432 919 ipsorum

386 929 601 1016 obligatione,
623 938 661 996 ut
683 951 710 996 e.
723 931 924 1016 g.mandati,
946 931 1042 1018 legis,
1064 935 1274 1018 negotiorum
1303 937 1432 1020 gestio-

385 1035 437 1100 nie
468 1034 579 1100 officio
609 1041 799 1100 tencantur:
840 1043 1012 1100 reservato
1038 1036 1115 1122 jure
1143 1035 1297 1123 partibus
1333 1035 1431 1102 laesis

385 1156 545 1203 concesso
566 1140 599 1202 in
620 1139 784 1223 integrum
806 1141 1034 1204 restitutionis.

430 1237 516 1306 Sunt
537 1245 571 1304 et
592 1242 708 1306 variae
731 1240 816 1308 aliae
839 1242 1099 1328 significationes
1123 1262 1151 1309 e.
1163 1263 1196 1328 g.
1219 1248 1435 1310 executurum

386 1340 442 1426 (V.
463 1341 662 1428 Excoutor).

429 1444 573 1532 Propria
595 1453 629 1512 et
651 1467 672 1512 a
693 1449 935 1533 significatione
953 1449 1039 1536 juris
1061 1447 1205 1514 Romani
1226 1445 1365 1516 diversa
1387 1457 1435 1515 ast

387 1569 456 1612 vox
487 1547 574 1632 „litis
604 1553 822 1634 contestatio,
854 1549 1084 1616 contumacia“
1113 1583 1155 1598 -
1185 1559 1220 1616 et
1248 1571 1339 1618 nova
1369 1572 1436 1616 vox

386 1651 644 1738 litispendentia,
667 1655 875 1740 praeventio,
898 1653 1043 1720 officium
1060 1653 1197 1738 judicis,
1219 1656 1355 1732 citatio,
1385 1675 1436 1720 re·

388 1758 624 1840 praesentatio,
649 1759 805 1842 exceptio
826 1758 846 1820 i.
869 1777 896 1821 e.
919 1755 1067 1822 defensio
1087 1790 1129 1804 -··
1146 1756 1333 1840 dilationes,
1357 1779 1436 1844 spo·

386 1855 497 1939 liatio,
520 1865 634 1924 mutua
656 1861 784 1945 petitio,
804 1861 1032 1944 interrogatio,
1053 1861 1273 1926 instrumenta
1302 1861 1437 1928 confes·

390 1959 520 2024 eionata
542 1981 602 2026 seu
624 1963 871 2047 querentigiata
893 1995 935 2008 —
951 1964 1042 2027 notio
1066 1963 1212 2034 confessi
1232 1965 1318 2048 ipsa,
1342 1962 1436 2028 deni-

388 2083 453 2149 que
476 2062 566 2149 quod
588 2067 733 2151 pertinet
754 2065 1050 2151 adprobationem,
1073 2064 1117 2130 ad
1139 2065 1287 2132 remedia
1304 2067 1436 2150 juriset

389 2169 627 2234 executionem.

302 2269 504 2336 processus
522 2272 609 2357 juris
633 2269 802 2346 canonici,
825 2271 916 2356 quod
938 2273 1057 2338 attinet
1079 2271 1123 2336 ad
1146 2271 1294 2338 ordinem
1316 2291 1437 2356 proce-

389 2373 497 2439 dendi.
530 2373 565 2460 a)
588 2374 647 2438 Lis
670 2373 810 2460 pendet:
837 2373 935 2460 hujus
964 2377 1013 2440 rei
1034 2377 1126 2439 notio
1148 2373 1281 2458 quidem
1309 2375 1436 2438 incerta

387 2480 547 2542 remansit
569 2477 613 2542 ad
636 2499 663 2542 c.
675 2479 703 2542 1.
715 2480 749 2542 in
770 2475 841 2542 Vll.
865 2477 903 2542 Il
923 2478 950 2542 8.
975 2476 1020 2542 ad
1040 2497 1158 2542 vocem
1174 2475 1435 2561 „litigantibus“,

389 2579 450 2646 sed
480 2579 593 2646 decisa
611 2588 664 2646 est
687 2602 707 2646 a
730 2579 936 2646 Clementina
960 2581 989 2644 2.
1011 2579 1054 2646 IL
1077 2579 1107 2644 5.
1151 2577 1247 2644 Varii
1274 2579 1351 2644 inde
1375 2599 1436 2644 ex-

390 2684 455 2747 orti
477 2691 554 2748 sunt
574 2681 686 2766 legum
709 2683 856 2748 effectus.
878 2682 916 2764 b)
939 2683 995 2748 Ex
1017 2682 1086 2748 litis
1114 2683 1360 2747 contestatione
1383 2703 1438 2746 re-

389 2804 471 2850 vera
490 2787 604 2870 incipit
625 2785 678 2850 hic
689 2805 904 2871 processuum
916 2786 997 2850 ordo
1020 2793 1055 2850 et
1075 2786 1246 2871 perficitur
1263 2786 1438 2870 positioni·

390 2887 452 2952 bus
476 2895 510 2952 et
530 2888 811 2974 responsionibus.
838 2889 871 2974 c')
895 2889 1046 2967 Quocum
1058 2889 1268 2974 conjungitur
1283 2886 1438 2974 probatio

392 2998 426 3056 ct
446 3009 500 3056 res
518 2991 685 3077 judicata:
706 2992 767 3057 sed
792 2992 829 3078 d)
852 2993 1071 3058 Defensiones
1086 3009 1198 3056 omnes
1214 2990 1438 3076 proferendae

393 3101 489 3165 erant
511 3101 589 3159 ante
611 3115 681 3160 rem
699 3095 882 3182 judicatam
894 3095 1011 3161 eodem
1032 3092 1142 3178 modo,
1158 3113 1225 3180 quc
1248 3095 1336 3158 actio
1358 3114 1440 3179 per-

390 3197 516 3281 ficitur,
537 3197 573 3262 id
596 3205 648 3263 est
675 3199 896 3286 positionibus
931 3205 965 3263 et
993 3196 1264 3283 responsionibus
1286 3195 1385 3261 simul
1407 3202 1440 3260 et

390 3301 653 3387 probationibus.
709 3297 923 3366 Solummodo
954 3299 1129 3366 dilationes
1151 3285 1439 3383 restringebantur

393 3424 467 3469 eum
488 3406 522 3467 in
543 3405 658 3490 finem,
689 3412 727 3470 nt
749 3404 1020 3470 litiscontestetio
1049 3404 1121 3469 fieri
1148 3409 1266 3488 posset
1296 3409 1331 3467 et
1358 3420 1440 3486 pro-

393 3526 507 3572 cessus
525 3527 645 3572 revera
655 3509 782 3572 initium
796 3514 940 3594 caperet.
963 3506 1029 3571 Tit.
1049 3504 1091 3570 de
1108 3503 1331 3570 dilationibus.
1352 3504 1440 3568 Pro-

393 3630 508 3676 cessus
526 3612 612 3696 juris
636 3609 796 3676 Canonici
816 3613 918 3696 igitur
940 3608 1145 3674 consistebat
1162 3610 1197 3672 in
1218 3605 1439 3694 positionibus

393 3720 426 3780 et
447 3714 729 3800 responsionibus,
752 3733 839 3799 quae
855 3712 1020 3777 finiendae
1043 3718 1138 3778 erant
1152 3709 1439 3776 terminationibus

393 3836 414 3880 a
441 3815 518 3900 lege
540 3815 594 3880 vel
612 3815 726 3901 judice
749 3817 946 3880 constitutis.
989 3814 1065 3879 Hae
1087 3813 1221 3900 quidem
1249 3831 1312 3898 pro
1341 3817 1440 3897 parte

392 3921 604 3984 remittuntur
624 3921 658 3982 in
680 3938 841 4006 processu
863 3920 1058 3998 summario,
1081 3918 1138 4002 qui
1155 3913 1387 3980 intercedebat
1407 3915 1442 3976 in

392 4024 433 4087 iis
455 4021 566 4103 rebus,
590 4042 676 4107 quae
689 4042 789 4086 curae
802 4027 880 4085 sunt
892 4019 1094 4106 reipublicae
1116 4017 1263 4084 etsaluti
1286 4019 1440 4097 omnium,

394 4123 537 4210 denique
557 4127 591 4189 in
602 4127 642 4189 iis
653 4125 764 4207 rebus,
788 4145 874 4210 quae
897 4124 1090 4188 aPontifice
1110 4141 1237 4186 summo
1254 4121 1441 4186 committe-

308 4267 310 4272 ·
394 4229 516 4294 bantur
538 4227 579 4310 (c.
591 4227 846 4316 dispendiosam,
870 4249 897 4294 e.
915 4225 1043 4313 saepe),
1066 4231 1100 4290 et
1121 4227 1150 4290 si
1159 4231 1274 4310 partes
1297 4240 1442 4288 cousen-

389 4326 517 4417 serint,
539 4335 720 4423 positiones
745 4340 778 4401 et
800 4333 1040 4420 responsiones
1070 4325 1337 4414 articulatim
1359 4347 1443 4416 pro-
