<?xml version="1.0" encoding="UTF-8"?>
<!DOCTYPE html PUBLIC "-//W3C//DTD XHTML 1.0 Transitional//EN"
    "http://www.w3.org/TR/xhtml1/DTD/xhtml1-transitional.dtd">
<html xmlns="http://www.w3.org/1999/xhtml" xml:lang="en" lang="en">
 <head>
  <title>
</title>
<meta http-equiv="Content-Type" content="text/html;charset=utf-8" />
  <meta name='ocr-system' content='tesseract 3.04.00' />
  <meta name='ocr-capabilities' content='ocr_page ocr_carea ocr_par ocr_line ocrx_word'/>
</head>
<body>
  <div class='ocr_page' id='page_1' title='image "./manualelatinita00rossgoog_0085.png"; bbox 0 0 3080 5150; ppageno 0'>
   <div class='ocr_carea' id='block_1_1' title="bbox 753 369 967 436">
    <p class='ocr_par' dir='ltr' id='par_1_1' title="bbox 753 369 967 436">
     <span class='ocr_line' id='line_1_1' title="bbox 753 369 967 436; baseline 0 -18"><span class='ocrx_word' id='word_1_1' title='bbox 753 369 967 436; x_wconf 66' lang='lat'><strong>..62-</strong></span> 
     </span>
    </p>
   </div>
   <div class='ocr_carea' id='block_1_2' title="bbox 338 539 1434 940">
    <p class='ocr_par' dir='ltr' id='par_1_2' title="bbox 396 539 1434 730">
     <span class='ocr_line' id='line_1_2' title="bbox 397 539 1434 634; baseline 0.004 -30"><span class='ocrx_word' id='word_1_2' title='bbox 397 547 512 627; x_wconf 89' lang='lat' dir='ltr'><strong>patum</strong></span> <span class='ocrx_word' id='word_1_3' title='bbox 535 539 774 624; x_wconf 88' lang='lat' dir='ltr'><strong>commendare,</strong></span> <span class='ocrx_word' id='word_1_4' title='bbox 796 541 856 608; x_wconf 89' lang='lat' dir='ltr'><strong>sed</strong></span> <span class='ocrx_word' id='word_1_5' title='bbox 879 563 923 612; x_wconf 87' lang='lat' dir='ltr'><strong>ex</strong></span> <span class='ocrx_word' id='word_1_6' title='bbox 947 539 1048 608; x_wconf 84' lang='lat' dir='ltr'><strong>Cone.</strong></span> <span class='ocrx_word' id='word_1_7' title='bbox 1073 540 1163 608; x_wconf 88' lang='lat' dir='ltr'><strong>Trid.</strong></span> <span class='ocrx_word' id='word_1_8' title='bbox 1195 544 1434 634; x_wconf 89' lang='lat' dir='ltr'><strong>episcopatum</strong></span> 
     </span>
     <span class='ocr_line' id='line_1_3' title="bbox 396 647 709 730; baseline -0.003 -22"><span class='ocrx_word' id='word_1_9' title='bbox 396 647 537 708; x_wconf 86' lang='lat' dir='ltr'><strong>retinere</strong></span> <span class='ocrx_word' id='word_1_10' title='bbox 557 651 709 730; x_wconf 85' lang='lat' dir='ltr'>possunt,</span> 
     </span>
    </p>

    <p class='ocr_par' dir='ltr' id='par_1_3' title="bbox 339 745 796 832">
     <span class='ocr_line' id='line_1_4' title="bbox 339 745 796 832; baseline 0.004 -20"><span class='ocrx_word' id='word_1_11' title='bbox 339 745 372 832; x_wconf 90' lang='lat' dir='ltr'><strong>e)</strong></span> <span class='ocrx_word' id='word_1_12' title='bbox 396 749 545 832; x_wconf 82' lang='lat' dir='ltr'><strong>episcopi</strong></span> <span class='ocrx_word' id='word_1_13' title='bbox 564 747 796 832; x_wconf 79' lang='lat' dir='ltr'><strong>territoriales,</strong></span> 
     </span>
    </p>

    <p class='ocr_par' dir='ltr' id='par_1_4' title="bbox 338 849 1292 940">
     <span class='ocr_line' id='line_1_5' title="bbox 338 849 1292 940; baseline 0.007 -27"><span class='ocrx_word' id='word_1_14' title='bbox 338 849 374 934; x_wconf 94' lang='lat' dir='ltr'><strong>d)</strong></span> <span class='ocrx_word' id='word_1_15' title='bbox 398 853 558 936; x_wconf 86' lang='lat' dir='ltr'><strong>episcopi,</strong></span> <span class='ocrx_word' id='word_1_16' title='bbox 580 853 737 936; x_wconf 90' lang='lat' dir='ltr'><strong>quisunt</strong></span> <span class='ocrx_word' id='word_1_17' title='bbox 758 852 1045 920; x_wconf 82' lang='lat' dir='ltr'><strong>administratores</strong></span> <span class='ocrx_word' id='word_1_18' title='bbox 1069 856 1292 940; x_wconf 77' lang='lat' dir='ltr'><strong>episcopatus.</strong></span> 
     </span>
    </p>
   </div>
   <div class='ocr_carea' id='block_1_3' title="bbox 201 951 933 1042">
    <p class='ocr_par' dir='ltr' id='par_1_5' title="bbox 201 951 933 1042">
     <span class='ocr_line' id='line_1_6' title="bbox 201 951 933 1042; baseline 0.005 -26"><span class='ocrx_word' id='word_1_19' title='bbox 201 1011 204 1016; x_wconf 91' lang='grc'><em>,</em></span> <span class='ocrx_word' id='word_1_20' title='bbox 294 951 533 1038; x_wconf 87' lang='lat' dir='ltr'><strong>Episcopium.</strong></span> <span class='ocrx_word' id='word_1_21' title='bbox 561 952 648 1020; x_wconf 89' lang='lat' dir='ltr'><strong>Lib.</strong></span> <span class='ocrx_word' id='word_1_22' title='bbox 673 953 804 1022; x_wconf 92' lang='lat' dir='ltr'><strong>diurn.</strong></span> <span class='ocrx_word' id='word_1_23' title='bbox 826 977 859 1042; x_wconf 89' lang='lat' dir='ltr'><strong>p.</strong></span> <span class='ocrx_word' id='word_1_24' title='bbox 882 957 933 1022; x_wconf 85' lang='lat'><strong>97.</strong></span> 
     </span>
    </p>
   </div>
   <div class='ocr_carea' id='block_1_4' title="bbox 293 1054 1436 2072">
    <p class='ocr_par' dir='ltr' id='par_1_6' title="bbox 293 1054 1436 2072">
     <span class='ocr_line' id='line_1_7' title="bbox 294 1054 1233 1148; baseline 0.001 -26"><span class='ocrx_word' id='word_1_25' title='bbox 294 1054 519 1140; x_wconf 87' lang='lat' dir='ltr'><strong>Episcopum,</strong></span> <span class='ocrx_word' id='word_1_26' title='bbox 541 1063 579 1121; x_wconf 90' lang='lat' dir='ltr'><strong>nt</strong></span> <span class='ocrx_word' id='word_1_27' title='bbox 601 1057 772 1122; x_wconf 85' lang='lat' dir='ltr'><strong>ordinetur</strong></span> <span class='ocrx_word' id='word_1_28' title='bbox 794 1065 827 1124; x_wconf 92' lang='lat' dir='ltr'><strong>et</strong></span> <span class='ocrx_word' id='word_1_29' title='bbox 850 1065 1073 1144; x_wconf 85' lang='lat' dir='ltr'><strong>consecretur,</strong></span> <span class='ocrx_word' id='word_1_30' title='bbox 1096 1067 1233 1148; x_wconf 88' lang='lat' dir='ltr'><strong>oportet</strong></span> 
     </span>
     <span class='ocr_line' id='line_1_8' title="bbox 308 1156 733 1244; baseline 0 -20"><span class='ocrx_word' id='word_1_31' title='bbox 308 1189 312 1198; x_wconf 93' lang='lat'>·</span> <span class='ocrx_word' id='word_1_32' title='bbox 338 1156 373 1243; x_wconf 90' lang='lat' dir='ltr'><strong>a)</strong></span> <span class='ocrx_word' id='word_1_33' title='bbox 396 1179 471 1224; x_wconf 89' lang='lat' dir='ltr'><strong>esse</strong></span> <span class='ocrx_word' id='word_1_34' title='bbox 494 1161 565 1224; x_wconf 91' lang='lat' dir='ltr'><strong>sine</strong></span> <span class='ocrx_word' id='word_1_35' title='bbox 587 1161 733 1244; x_wconf 89' lang='lat' dir='ltr'><strong>crimine,</strong></span> 
     </span>
     <span class='ocr_line' id='line_1_9' title="bbox 337 1259 776 1348; baseline 0.005 -22"><span class='ocrx_word' id='word_1_36' title='bbox 337 1259 375 1346; x_wconf 92' lang='lat' dir='ltr'><strong>b)</strong></span> <span class='ocrx_word' id='word_1_37' title='bbox 399 1263 497 1326; x_wconf 90' lang='lat' dir='ltr'><strong>unius</strong></span> <span class='ocrx_word' id='word_1_38' title='bbox 520 1265 636 1330; x_wconf 88' lang='lat' dir='ltr'><strong>uxoris</strong></span> <span class='ocrx_word' id='word_1_39' title='bbox 659 1266 776 1348; x_wconf 87' lang='lat' dir='ltr'><strong>virum,</strong></span> 
     </span>
     <span class='ocr_line' id='line_1_10' title="bbox 337 1362 789 1452; baseline 0.002 -21"><span class='ocrx_word' id='word_1_40' title='bbox 337 1362 369 1449; x_wconf 91' lang='lat' dir='ltr'><strong>c)</strong></span> <span class='ocrx_word' id='word_1_41' title='bbox 392 1387 458 1431; x_wconf 92' lang='lat' dir='ltr'><strong>non</strong></span> <span class='ocrx_word' id='word_1_42' title='bbox 480 1387 555 1432; x_wconf 86' lang='lat' dir='ltr'><strong>esse</strong></span> <span class='ocrx_word' id='word_1_43' title='bbox 576 1367 789 1452; x_wconf 85' lang='lat' dir='ltr'><strong>vinolentum,</strong></span> 
     </span>
     <span class='ocr_line' id='line_1_11' title="bbox 337 1467 674 1554; baseline 0.006 -22"><span class='ocrx_word' id='word_1_44' title='bbox 337 1467 374 1554; x_wconf 95' lang='lat' dir='ltr'><strong>d)</strong></span> <span class='ocrx_word' id='word_1_45' title='bbox 398 1487 474 1533; x_wconf 90' lang='lat' dir='ltr'><strong>esse</strong></span> <span class='ocrx_word' id='word_1_46' title='bbox 495 1467 674 1554; x_wconf 83' lang='lat' dir='ltr'><strong>literatum,</strong></span> 
     </span>
     <span class='ocr_line' id='line_1_12' title="bbox 338 1569 654 1658; baseline 0.006 -21"><span class='ocrx_word' id='word_1_47' title='bbox 338 1569 371 1658; x_wconf 90' lang='lat' dir='ltr'><strong>e)</strong></span> <span class='ocrx_word' id='word_1_48' title='bbox 395 1593 469 1638; x_wconf 88' lang='lat' dir='ltr'><strong>esse</strong></span> <span class='ocrx_word' id='word_1_49' title='bbox 493 1579 654 1640; x_wconf 88' lang='lat' dir='ltr'><strong>ornatum.</strong></span> 
     </span>
     <span class='ocr_line' id='line_1_13' title="bbox 422 1676 733 1763; baseline 0.003 -23"><span class='ocrx_word' id='word_1_50' title='bbox 422 1676 509 1741; x_wconf 85' lang='lat' dir='ltr'><strong>Dist.</strong></span> <span class='ocrx_word' id='word_1_51' title='bbox 532 1677 582 1741; x_wconf 84' lang='lat'><strong>23.</strong></span> <span class='ocrx_word' id='word_1_52' title='bbox 606 1684 733 1763; x_wconf 89' lang='lat' dir='ltr'><strong>etseq.</strong></span> 
     </span>
     <span class='ocr_line' id='line_1_14' title="bbox 293 1775 1434 1868; baseline 0.003 -27"><span class='ocrx_word' id='word_1_53' title='bbox 293 1775 493 1865; x_wconf 80' lang='lat' dir='ltr'><strong>Episcopus</strong></span> <span class='ocrx_word' id='word_1_54' title='bbox 515 1780 580 1846; x_wconf 91' lang='lat' dir='ltr'><strong>Dei</strong></span> <span class='ocrx_word' id='word_1_55' title='bbox 602 1787 636 1844; x_wconf 89' lang='lat' dir='ltr'><strong>et</strong></span> <span class='ocrx_word' id='word_1_56' title='bbox 653 1779 872 1866; x_wconf 90' lang='lat' dir='ltr'><strong>Apostolicae</strong></span> <span class='ocrx_word' id='word_1_57' title='bbox 895 1779 985 1846; x_wconf 90' lang='lat' dir='ltr'><strong>sedis</strong></span> <span class='ocrx_word' id='word_1_58' title='bbox 1001 1783 1120 1868; x_wconf 86' lang='lat' dir='ltr'><strong>gratia.</strong></span> <span class='ocrx_word' id='word_1_59' title='bbox 1144 1783 1330 1846; x_wconf 68' lang='lat' dir='ltr'><strong>stammas.</strong></span> <span class='ocrx_word' id='word_1_60' title='bbox 1352 1791 1434 1847; x_wconf 86' lang='lat' dir='ltr'><strong>torn.</strong></span> 
     </span>
     <span class='ocr_line' id='line_1_15' title="bbox 380 1871 1435 1968; baseline 0.001 -20"><span class='ocrx_word' id='word_1_61' title='bbox 380 1881 406 1948; x_wconf 88' lang='lat' dir='ltr'><strong>I.</strong></span> <span class='ocrx_word' id='word_1_62' title='bbox 430 1880 495 1965; x_wconf 87' lang='lat' dir='ltr'><strong>(ed.</strong></span> <span class='ocrx_word' id='word_1_63' title='bbox 519 1881 669 1967; x_wconf 60' lang='lat' dir='ltr'><strong>Maeona)</strong></span> <span class='ocrx_word' id='word_1_64' title='bbox 692 1905 724 1968; x_wconf 91' lang='lat' dir='ltr'><strong>p.</strong></span> <span class='ocrx_word' id='word_1_65' title='bbox 735 1883 819 1964; x_wconf 85' lang='grc'><strong>466,</strong></span> <span class='ocrx_word' id='word_1_66' title='bbox 843 1871 1053 1961; x_wconf 70' lang='lat' dir='ltr'><strong>collateralis,</strong></span> <span class='ocrx_word' id='word_1_67' title='bbox 1077 1883 1324 1950; x_wconf 87' lang='lat' dir='ltr'><strong>suburbicarius</strong></span> <span class='ocrx_word' id='word_1_68' title='bbox 1345 1907 1435 1949; x_wconf 91' lang='lat' dir='ltr'><strong>unus</strong></span> 
     </span>
     <span class='ocr_line' id='line_1_16' title="bbox 381 1983 1436 2072; baseline 0.003 -24"><span class='ocrx_word' id='word_1_69' title='bbox 381 2003 424 2048; x_wconf 89' lang='lat' dir='ltr'><strong>ex</strong></span> <span class='ocrx_word' id='word_1_70' title='bbox 447 1989 576 2070; x_wconf 87' lang='lat' dir='ltr'><strong>septem</strong></span> <span class='ocrx_word' id='word_1_71' title='bbox 599 1983 824 2050; x_wconf 89' lang='lat' dir='ltr'><strong>cardinalibus</strong></span> <span class='ocrx_word' id='word_1_72' title='bbox 836 1987 1014 2072; x_wconf 90' lang='lat' dir='ltr'><strong>episcopis.</strong></span> <span class='ocrx_word' id='word_1_73' title='bbox 1038 1988 1095 2072; x_wconf 87' lang='lat' dir='ltr'><strong>qui</strong></span> <span class='ocrx_word' id='word_1_74' title='bbox 1115 1986 1272 2051; x_wconf 89' lang='lat' dir='ltr'><strong>Pontifici</strong></span> <span class='ocrx_word' id='word_1_75' title='bbox 1292 1988 1326 2050; x_wconf 92' lang='lat' dir='ltr'><strong>in</strong></span> <span class='ocrx_word' id='word_1_76' title='bbox 1347 1988 1436 2052; x_wconf 91' lang='lat' dir='ltr'><strong>urbe</strong></span> 
     </span>
    </p>
   </div>
   <div class='ocr_carea' id='block_1_5' title="bbox 293 2087 1531 2588">
    <p class='ocr_par' dir='ltr' id='par_1_7' title="bbox 293 2087 1531 2588">
     <span class='ocr_line' id='line_1_17' title="bbox 382 2087 1434 2172; baseline 0.004 -22"><span class='ocrx_word' id='word_1_77' title='bbox 382 2107 514 2172; x_wconf 89' lang='lat' dir='ltr'><strong>semper</strong></span> <span class='ocrx_word' id='word_1_78' title='bbox 536 2094 658 2151; x_wconf 90' lang='lat' dir='ltr'><strong>astant.</strong></span> <span class='ocrx_word' id='word_1_79' title='bbox 681 2091 793 2154; x_wconf 83' lang='lat' dir='ltr'><strong>Bcaed.</strong></span> <span class='ocrx_word' id='word_1_80' title='bbox 813 2088 835 2152; x_wconf 94' lang='lat' dir='ltr'><strong>l.</strong></span> <span class='ocrx_word' id='word_1_81' title='bbox 856 2087 899 2154; x_wconf 91' lang='lat' dir='ltr'><strong>V.</strong></span> <span class='ocrx_word' id='word_1_82' title='bbox 922 2110 948 2152; x_wconf 86' lang='lat' dir='ltr'><strong>c.</strong></span> <span class='ocrx_word' id='word_1_83' title='bbox 972 2090 1001 2155; x_wconf 89' lang='grc'><strong>2.</strong></span> <span class='ocrx_word' id='word_1_84' title='bbox 1024 2110 1073 2155; x_wconf 93' lang='lat' dir='ltr'><strong>nr.</strong></span> <span class='ocrx_word' id='word_1_85' title='bbox 1089 2088 1118 2154; x_wconf 87' lang='lat'><strong>3.</strong></span> <span class='ocrx_word' id='word_1_86' title='bbox 1138 2087 1213 2153; x_wconf 91' lang='lat' dir='ltr'><strong>VII.</strong></span> <span class='ocrx_word' id='word_1_87' title='bbox 1236 2110 1264 2155; x_wconf 88' lang='lat' dir='ltr'><strong>c.</strong></span> <span class='ocrx_word' id='word_1_88' title='bbox 1288 2091 1317 2152; x_wconf 95' lang='lat'><strong>1.</strong></span> <span class='ocrx_word' id='word_1_89' title='bbox 1338 2111 1387 2153; x_wconf 87' lang='lat' dir='ltr'><strong>nr.</strong></span> <span class='ocrx_word' id='word_1_90' title='bbox 1401 2091 1434 2154; x_wconf 93' lang='lat'><strong>7.</strong></span> 
     </span>
     <span class='ocr_line' id='line_1_18' title="bbox 293 2187 1434 2280; baseline -0.001 -25"><span class='ocrx_word' id='word_1_91' title='bbox 293 2187 631 2276; x_wconf 89' lang='lat' dir='ltr'><strong>Episcopus-num</strong></span> <span class='ocrx_word' id='word_1_92' title='bbox 638 2194 672 2256; x_wconf 90' lang='lat' dir='ltr'><strong>in</strong></span> <span class='ocrx_word' id='word_1_93' title='bbox 681 2191 888 2257; x_wconf 89' lang='lat' dir='ltr'><strong>ordinatione</strong></span> <span class='ocrx_word' id='word_1_94' title='bbox 895 2191 1107 2280; x_wconf 88' lang='lat' dir='ltr'><strong>praeferatur</strong></span> <span class='ocrx_word' id='word_1_95' title='bbox 1114 2192 1332 2280; x_wconf 89' lang='lat' dir='ltr'><strong>presbyteris.</strong></span> <span class='ocrx_word' id='word_1_96' title='bbox 1351 2196 1434 2255; x_wconf 73' lang='lat' dir='ltr'><strong>Dol-</strong></span> 
     </span>
     <span class='ocr_line' id='line_1_19' title="bbox 380 2293 1434 2381; baseline 0.003 -25"><span class='ocrx_word' id='word_1_97' title='bbox 380 2297 486 2377; x_wconf 73' lang='lat' dir='ltr'><strong>tiaqer,</strong></span> <span class='ocrx_word' id='word_1_98' title='bbox 511 2294 755 2381; x_wconf 84' lang='lat' dir='ltr'><strong>Grundlegung</strong></span> <span class='ocrx_word' id='word_1_99' title='bbox 768 2302 829 2360; x_wconf 90' lang='lat' dir='ltr'><strong>etc.</strong></span> <span class='ocrx_word' id='word_1_100' title='bbox 851 2293 943 2362; x_wconf 82' lang='lat' dir='ltr'><strong>Cfas.</strong></span> <span class='ocrx_word' id='word_1_101' title='bbox 958 2299 1084 2374; x_wconf 80' lang='lat' dir='ltr'><strong>Ptittips</strong></span> <span class='ocrx_word' id='word_1_102' title='bbox 1097 2293 1316 2361; x_wconf 79' lang='lat' dir='ltr'><strong>CommentI.</strong></span> <span class='ocrx_word' id='word_1_103' title='bbox 1339 2293 1367 2380; x_wconf 68' lang='grc' dir='ltr'><strong>ἓ</strong></span> <span class='ocrx_word' id='word_1_104' title='bbox 1379 2296 1434 2362; x_wconf 89' lang='grc'><strong>36.</strong></span> 
     </span>
     <span class='ocr_line' id='line_1_20' title="bbox 377 2385 1531 2488; baseline 0.001 -27"><span class='ocrx_word' id='word_1_105' title='bbox 377 2397 429 2462; x_wconf 88' lang='lat'><strong>37.</strong></span> <span class='ocrx_word' id='word_1_106' title='bbox 451 2396 631 2466; x_wconf 89' lang='lat' dir='ltr'><strong>Lehrbnoh</strong></span> <span class='ocrx_word' id='word_1_107' title='bbox 654 2395 681 2482; x_wconf 66' lang='grc' dir='ltr'><strong>ξ.</strong></span> <span class='ocrx_word' id='word_1_108' title='bbox 702 2398 753 2463; x_wconf 85' lang='grc'><strong>57.</strong></span> <span class='ocrx_word' id='word_1_109' title='bbox 776 2400 935 2485; x_wconf 89' lang='lat' dir='ltr'><strong>episcopo</strong></span> <span class='ocrx_word' id='word_1_110' title='bbox 957 2417 1024 2462; x_wconf 93' lang='lat' dir='ltr'><strong>non</strong></span> <span class='ocrx_word' id='word_1_111' title='bbox 1046 2405 1098 2463; x_wconf 93' lang='lat' dir='ltr'><strong>est</strong></span> <span class='ocrx_word' id='word_1_112' title='bbox 1118 2397 1349 2482; x_wconf 85' lang='lat' dir='ltr'><strong>obediendum,</strong></span> <span class='ocrx_word' id='word_1_113' title='bbox 1373 2401 1435 2488; x_wconf 87' lang='lat' dir='ltr'><strong>qui</strong></span> <span class='ocrx_word' id='word_1_114' title='bbox 1530 2385 1531 2444; x_wconf 61' lang='grc' dir='ltr'><strong><em>ἲ</em></strong></span> 
     </span>
     <span class='ocr_line' id='line_1_21' title="bbox 378 2493 1435 2588; baseline 0.001 -23"><span class='ocrx_word' id='word_1_115' title='bbox 378 2522 440 2588; x_wconf 89' lang='lat' dir='ltr'><strong>pro</strong></span> <span class='ocrx_word' id='word_1_116' title='bbox 470 2501 627 2566; x_wconf 88' lang='lat' dir='ltr'><strong>hereticis</strong></span> <span class='ocrx_word' id='word_1_117' title='bbox 657 2504 792 2567; x_wconf 90' lang='lat' dir='ltr'><strong>missam</strong></span> <span class='ocrx_word' id='word_1_118' title='bbox 813 2520 933 2565; x_wconf 90' lang='lat' dir='ltr'><strong>canere</strong></span> <span class='ocrx_word' id='word_1_119' title='bbox 950 2493 1058 2586; x_wconf 82' lang='lat' dir='ltr'><strong>jubet,</strong></span> <span class='ocrx_word' id='word_1_120' title='bbox 1082 2521 1108 2568; x_wconf 91' lang='lat' dir='ltr'><strong>c.</strong></span> <span class='ocrx_word' id='word_1_121' title='bbox 1122 2502 1171 2566; x_wconf 87' lang='lat'><strong>91.</strong></span> <span class='ocrx_word' id='word_1_122' title='bbox 1197 2497 1310 2567; x_wconf 69' lang='lat' dir='ltr'><strong>QXI.</strong></span> <span class='ocrx_word' id='word_1_123' title='bbox 1336 2523 1389 2588; x_wconf 91' lang='lat' dir='ltr'><strong>qu.</strong></span> <span class='ocrx_word' id='word_1_124' title='bbox 1401 2501 1435 2566; x_wconf 85' lang='lat'><strong>3.</strong></span> 
     </span>
    </p>
   </div>
   <div class='ocr_carea' id='block_1_6' title="bbox 289 2603 1436 3516">
    <p class='ocr_par' dir='ltr' id='par_1_8' title="bbox 378 2603 1436 2896">
     <span class='ocr_line' id='line_1_22' title="bbox 378 2603 1436 2692; baseline -0.002 -22"><span class='ocrx_word' id='word_1_125' title='bbox 378 2607 535 2690; x_wconf 89' lang='lat' dir='ltr'><strong>episeopo</strong></span> <span class='ocrx_word' id='word_1_126' title='bbox 558 2625 578 2668; x_wconf 94' lang='lat' dir='ltr'><strong>a</strong></span> <span class='ocrx_word' id='word_1_127' title='bbox 599 2608 742 2690; x_wconf 81' lang='lat' dir='ltr'><strong>paganis</strong></span> <span class='ocrx_word' id='word_1_128' title='bbox 765 2604 818 2670; x_wconf 89' lang='lat' dir='ltr'><strong>vel</strong></span> <span class='ocrx_word' id='word_1_129' title='bbox 841 2603 1059 2672; x_wconf 89' lang='lat' dir='ltr'><strong>schismaticis</strong></span> <span class='ocrx_word' id='word_1_130' title='bbox 1082 2611 1192 2692; x_wconf 87' lang='lat' dir='ltr'><strong>capto,</strong></span> <span class='ocrx_word' id='word_1_131' title='bbox 1221 2623 1289 2668; x_wconf 89' lang='lat' dir='ltr'><strong>non</strong></span> <span class='ocrx_word' id='word_1_132' title='bbox 1318 2605 1436 2670; x_wconf 89' lang='lat' dir='ltr'><strong>archi·</strong></span> 
     </span>
     <span class='ocr_line' id='line_1_23' title="bbox 379 2707 1435 2794; baseline -0.002 -21"><span class='ocrx_word' id='word_1_133' title='bbox 379 2710 555 2793; x_wconf 89' lang='lat' dir='ltr'><strong>episcopus</strong></span> <span class='ocrx_word' id='word_1_134' title='bbox 598 2707 660 2772; x_wconf 88' lang='lat' dir='ltr'><strong>sed</strong></span> <span class='ocrx_word' id='word_1_135' title='bbox 697 2707 879 2794; x_wconf 89' lang='lat' dir='ltr'><strong>capitulum</strong></span> <span class='ocrx_word' id='word_1_136' title='bbox 913 2709 1080 2774; x_wconf 87' lang='lat' dir='ltr'><strong>dioecesin</strong></span> <span class='ocrx_word' id='word_1_137' title='bbox 1117 2708 1328 2773; x_wconf 87' lang='lat' dir='ltr'><strong>administrat</strong></span> <span class='ocrx_word' id='word_1_138' title='bbox 1362 2707 1435 2773; x_wconf 87' lang='lat' dir='ltr'><strong>vel</strong></span> 
     </span>
     <span class='ocr_line' id='line_1_24' title="bbox 380 2809 1273 2896; baseline -0.001 -21"><span class='ocrx_word' id='word_1_139' title='bbox 380 2811 453 2895; x_wconf 87' lang='lat' dir='ltr'><strong>ejus</strong></span> <span class='ocrx_word' id='word_1_140' title='bbox 475 2813 620 2875; x_wconf 89' lang='lat' dir='ltr'><strong>vicarius</strong></span> <span class='ocrx_word' id='word_1_141' title='bbox 643 2811 867 2896; x_wconf 86' lang='lat' dir='ltr'><strong>geheralis</strong></span> <span class='ocrx_word' id='word_1_142' title='bbox 891 2833 918 2876; x_wconf 91' lang='lat' dir='ltr'><strong>c.</strong></span> <span class='ocrx_word' id='word_1_143' title='bbox 940 2810 970 2876; x_wconf 80' lang='lat'><strong>3.</strong></span> <span class='ocrx_word' id='word_1_144' title='bbox 993 2813 1021 2875; x_wconf 87' lang='lat'><strong>4.</strong></span> <span class='ocrx_word' id='word_1_145' title='bbox 1044 2813 1079 2875; x_wconf 91' lang='lat' dir='ltr'><strong>in</strong></span> <span class='ocrx_word' id='word_1_146' title='bbox 1100 2809 1173 2876; x_wconf 83' lang='lat' dir='ltr'><strong>VI⁰.</strong></span> <span class='ocrx_word' id='word_1_147' title='bbox 1195 2809 1221 2876; x_wconf 92' lang='grc' dir='ltr'><strong>Ι.</strong></span> <span class='ocrx_word' id='word_1_148' title='bbox 1243 2811 1273 2874; x_wconf 88' lang='grc'><strong>8.</strong></span> 
     </span>
    </p>

    <p class='ocr_par' dir='ltr' id='par_1_9' title="bbox 290 2910 1434 3290">
     <span class='ocr_line' id='line_1_25' title="bbox 290 2910 1434 3000; baseline -0.003 -20"><span class='ocrx_word' id='word_1_149' title='bbox 290 2911 491 2998; x_wconf 81' lang='lat' dir='ltr'><strong>Episcopus</strong></span> <span class='ocrx_word' id='word_1_150' title='bbox 514 2922 572 2978; x_wconf 91' lang='lat' dir='ltr'><strong>aut</strong></span> <span class='ocrx_word' id='word_1_151' title='bbox 594 2914 802 3000; x_wconf 65' lang='lat' dir='ltr'><strong>quantulis,</strong></span> <span class='ocrx_word' id='word_1_152' title='bbox 826 2916 993 3000; x_wconf 87' lang='lat' dir='ltr'><strong>autquasi</strong></span> <span class='ocrx_word' id='word_1_153' title='bbox 1016 2913 1191 3000; x_wconf 86' lang='lat' dir='ltr'><strong>delegatus</strong></span> <span class='ocrx_word' id='word_1_154' title='bbox 1203 2933 1323 3000; x_wconf 90' lang='lat' dir='ltr'><strong>papae.</strong></span> <span class='ocrx_word' id='word_1_155' title='bbox 1346 2910 1434 2978; x_wconf 81' lang='lat' dir='ltr'><strong>Cum</strong></span> 
     </span>
     <span class='ocr_line' id='line_1_26' title="bbox 377 3015 1433 3104; baseline 0.001 -23"><span class='ocrx_word' id='word_1_156' title='bbox 377 3019 554 3104; x_wconf 87' lang='lat' dir='ltr'><strong>episcopus</strong></span> <span class='ocrx_word' id='word_1_157' title='bbox 571 3016 782 3082; x_wconf 89' lang='lat' dir='ltr'><strong>collationem</strong></span> <span class='ocrx_word' id='word_1_158' title='bbox 809 3017 1044 3103; x_wconf 83' lang='lat' dir='ltr'><strong>parochiarum</strong></span> <span class='ocrx_word' id='word_1_159' title='bbox 1065 3015 1184 3099; x_wconf 89' lang='lat' dir='ltr'><strong>habet,</strong></span> <span class='ocrx_word' id='word_1_160' title='bbox 1208 3019 1306 3102; x_wconf 89' lang='lat' dir='ltr'><strong>quasi</strong></span> <span class='ocrx_word' id='word_1_161' title='bbox 1336 3015 1433 3082; x_wconf 85' lang='lat' dir='ltr'><strong>dele-</strong></span> 
     </span>
     <span class='ocr_line' id='line_1_27' title="bbox 376 3118 1431 3207; baseline -0.001 -23"><span class='ocrx_word' id='word_1_162' title='bbox 376 3129 475 3206; x_wconf 85' lang='lat' dir='ltr'><strong>gatus</strong></span> <span class='ocrx_word' id='word_1_163' title='bbox 504 3140 615 3207; x_wconf 90' lang='lat' dir='ltr'><strong>papae</strong></span> <span class='ocrx_word' id='word_1_164' title='bbox 645 3123 724 3206; x_wconf 85' lang='lat' dir='ltr'><strong>agit.</strong></span> <span class='ocrx_word' id='word_1_165' title='bbox 758 3122 876 3205; x_wconf 75' lang='lat' dir='ltr'><strong>Bouix&#39;,</strong></span> <span class='ocrx_word' id='word_1_166' title='bbox 908 3120 950 3186; x_wconf 91' lang='lat' dir='ltr'><strong>de</strong></span> <span class='ocrx_word' id='word_1_167' title='bbox 977 3120 1153 3206; x_wconf 84' lang='lat' dir='ltr'><strong>parochis,</strong></span> <span class='ocrx_word' id='word_1_168' title='bbox 1175 3139 1207 3206; x_wconf 89' lang='lat' dir='ltr'><strong>p.</strong></span> <span class='ocrx_word' id='word_1_169' title='bbox 1230 3121 1304 3186; x_wconf 94' lang='grc'><strong>246.</strong></span> <span class='ocrx_word' id='word_1_170' title='bbox 1327 3118 1431 3185; x_wconf 83' lang='lat' dir='ltr'><strong>Cone.</strong></span> 
     </span>
     <span class='ocr_line' id='line_1_28' title="bbox 376 3221 965 3290; baseline 0 -2"><span class='ocrx_word' id='word_1_171' title='bbox 376 3223 469 3288; x_wconf 79' lang='lat' dir='ltr'><strong>Trid.</strong></span> <span class='ocrx_word' id='word_1_172' title='bbox 492 3221 582 3290; x_wconf 81' lang='lat' dir='ltr'><strong>Sese.</strong></span> <span class='ocrx_word' id='word_1_173' title='bbox 595 3225 645 3289; x_wconf 90' lang='grc'><strong>21.</strong></span> <span class='ocrx_word' id='word_1_174' title='bbox 667 3247 693 3290; x_wconf 91' lang='lat' dir='ltr'><strong>c.</strong></span> <span class='ocrx_word' id='word_1_175' title='bbox 715 3227 745 3289; x_wconf 85' lang='lat'><strong>4.</strong></span> <span class='ocrx_word' id='word_1_176' title='bbox 769 3224 811 3290; x_wconf 92' lang='lat' dir='ltr'><strong>de</strong></span> <span class='ocrx_word' id='word_1_177' title='bbox 832 3224 965 3290; x_wconf 86' lang='lat' dir='ltr'><strong>reform.</strong></span> 
     </span>
    </p>

    <p class='ocr_par' dir='ltr' id='par_1_10' title="bbox 289 3323 1430 3516">
     <span class='ocr_line' id='line_1_29' title="bbox 289 3323 1430 3414; baseline -0.004 -20"><span class='ocrx_word' id='word_1_178' title='bbox 289 3325 493 3412; x_wconf 89' lang='lat' dir='ltr'><strong>Episcopus</strong></span> <span class='ocrx_word' id='word_1_179' title='bbox 515 3325 681 3408; x_wconf 79' lang='lat' dir='ltr'><strong>sorensis,</strong></span> <span class='ocrx_word' id='word_1_180' title='bbox 704 3329 762 3414; x_wconf 91' lang='lat' dir='ltr'><strong>qui</strong></span> <span class='ocrx_word' id='word_1_181' title='bbox 783 3326 865 3392; x_wconf 85' lang='lat' dir='ltr'><strong>ruhi</strong></span> <span class='ocrx_word' id='word_1_182' title='bbox 887 3329 1046 3413; x_wconf 85' lang='lat' dir='ltr'><strong>episcopo</strong></span> <span class='ocrx_word' id='word_1_183' title='bbox 1070 3333 1123 3392; x_wconf 90' lang='lat' dir='ltr'><strong>est</strong></span> <span class='ocrx_word' id='word_1_184' title='bbox 1142 3323 1318 3392; x_wconf 85' lang='lat' dir='ltr'><strong>obnoxius.</strong></span> <span class='ocrx_word' id='word_1_185' title='bbox 1340 3324 1430 3391; x_wconf 88' lang='lat' dir='ltr'><strong>Lib.</strong></span> 
     </span>
     <span class='ocr_line' id='line_1_30' title="bbox 376 3428 616 3516; baseline 0.008 -23"><span class='ocrx_word' id='word_1_186' title='bbox 376 3428 509 3496; x_wconf 86' lang='lat' dir='ltr'><strong>diurn.</strong></span> <span class='ocrx_word' id='word_1_187' title='bbox 531 3452 564 3516; x_wconf 90' lang='lat' dir='ltr'><strong>p.</strong></span> <span class='ocrx_word' id='word_1_188' title='bbox 588 3432 616 3496; x_wconf 88' lang='lat'><strong>6.</strong></span> 
     </span>
    </p>
   </div>
   <div class='ocr_carea' id='block_1_7' title="bbox 165 3531 1532 3622">
    <p class='ocr_par' dir='ltr' id='par_1_11' title="bbox 165 3531 1532 3622">
     <span class='ocr_line' id='line_1_31' title="bbox 165 3531 1532 3622; baseline 0.001 -22"><span class='ocrx_word' id='word_1_189' title='bbox 165 3614 168 3618; x_wconf 19' lang='grc' dir='ltr'>Ι</span> <span class='ocrx_word' id='word_1_190' title='bbox 288 3531 489 3619; x_wconf 80' lang='lat' dir='ltr'><strong>Episcopus</strong></span> <span class='ocrx_word' id='word_1_191' title='bbox 510 3537 545 3600; x_wconf 90' lang='lat' dir='ltr'><strong>in</strong></span> <span class='ocrx_word' id='word_1_192' title='bbox 559 3536 713 3622; x_wconf 90' lang='lat' dir='ltr'><strong>partibus</strong></span> <span class='ocrx_word' id='word_1_193' title='bbox 730 3571 771 3582; x_wconf 92' lang='lat'><strong>-·-</strong></span> <span class='ocrx_word' id='word_1_194' title='bbox 784 3533 928 3604; x_wconf 88' lang='lat' dir='ltr'><strong>titularis</strong></span> <span class='ocrx_word' id='word_1_195' title='bbox 944 3569 986 3582; x_wconf 88' lang='lat'><em>-</em></span> <span class='ocrx_word' id='word_1_196' title='bbox 999 3532 1077 3603; x_wconf 90' lang='lat' dir='ltr'><strong>olim</strong></span> <span class='ocrx_word' id='word_1_197' title='bbox 1099 3535 1249 3621; x_wconf 85' lang='lat' dir='ltr'><strong>episcopi</strong></span> <span class='ocrx_word' id='word_1_198' title='bbox 1270 3535 1431 3619; x_wconf 79' lang='lat' dir='ltr'><strong>gentium.</strong></span> <span class='ocrx_word' id='word_1_199' title='bbox 1531 3561 1532 3580; x_wconf 66' lang='lat'><strong>.</strong></span> 
     </span>
    </p>
   </div>
   <div class='ocr_carea' id='block_1_8' title="bbox 287 3635 1431 4449">
    <p class='ocr_par' dir='ltr' id='par_1_12' title="bbox 287 3635 1431 3932">
     <span class='ocr_line' id='line_1_32' title="bbox 374 3635 1431 3706; baseline -0.002 -2"><span class='ocrx_word' id='word_1_200' title='bbox 374 3637 522 3704; x_wconf 89' lang='lat' dir='ltr'><strong>Homilia</strong></span> <span class='ocrx_word' id='word_1_201' title='bbox 550 3643 601 3700; x_wconf 84' lang='lat' dir='ltr'><strong>Pit</strong></span> <span class='ocrx_word' id='word_1_202' title='bbox 621 3638 679 3704; x_wconf 91' lang='lat' dir='ltr'><strong>VI.</strong></span> <span class='ocrx_word' id='word_1_203' title='bbox 709 3641 743 3704; x_wconf 87' lang='lat' dir='ltr'><strong>in</strong></span> <span class='ocrx_word' id='word_1_204' title='bbox 771 3639 921 3704; x_wconf 86' lang='lat' dir='ltr'><strong>Basilica</strong></span> <span class='ocrx_word' id='word_1_205' title='bbox 951 3636 1000 3706; x_wconf 87' lang='lat' dir='ltr'><strong>St.</strong></span> <span class='ocrx_word' id='word_1_206' title='bbox 1022 3637 1120 3706; x_wconf 83' lang='lat' dir='ltr'><strong>Pauli</strong></span> <span class='ocrx_word' id='word_1_207' title='bbox 1153 3637 1207 3704; x_wconf 92' lang='lat' dir='ltr'><strong>die</strong></span> <span class='ocrx_word' id='word_1_208' title='bbox 1236 3639 1266 3702; x_wconf 90' lang='grc'><strong>4.</strong></span> <span class='ocrx_word' id='word_1_209' title='bbox 1290 3635 1431 3704; x_wconf 87' lang='lat' dir='ltr'><strong>Octobr.</strong></span> 
     </span>
     <span class='ocr_line' id='line_1_33' title="bbox 376 3738 1174 3828; baseline -0.004 -23"><span class='ocrx_word' id='word_1_210' title='bbox 376 3743 469 3806; x_wconf 89' lang='lat'><strong>1778.</strong></span> <span class='ocrx_word' id='word_1_211' title='bbox 491 3745 608 3814; x_wconf 79' lang='lat' dir='ltr'><strong>Donati,</strong></span> <span class='ocrx_word' id='word_1_212' title='bbox 631 3743 750 3806; x_wconf 90' lang='lat' dir='ltr'><strong>institt.</strong></span> <span class='ocrx_word' id='word_1_213' title='bbox 774 3741 817 3806; x_wconf 89' lang='lat' dir='ltr'><strong>de</strong></span> <span class='ocrx_word' id='word_1_214' title='bbox 838 3741 1040 3828; x_wconf 86' lang='lat' dir='ltr'><strong>patriarchis</strong></span> <span class='ocrx_word' id='word_1_215' title='bbox 1063 3738 1091 3826; x_wconf 66' lang='grc' dir='ltr'><strong>ξ.</strong></span> <span class='ocrx_word' id='word_1_216' title='bbox 1113 3739 1174 3806; x_wconf 77' lang='grc'><strong>34.</strong></span> 
     </span>
     <span class='ocr_line' id='line_1_34' title="bbox 287 3840 1431 3932; baseline 0 -22"><span class='ocrx_word' id='word_1_217' title='bbox 287 3842 488 3928; x_wconf 85' lang='lat' dir='ltr'><strong>Episcopus</strong></span> <span class='ocrx_word' id='word_1_218' title='bbox 511 3845 679 3932; x_wconf 84' lang='lat' dir='ltr'><strong>obligatus</strong></span> <span class='ocrx_word' id='word_1_219' title='bbox 695 3853 746 3912; x_wconf 85' lang='lat' dir='ltr'><strong>est</strong></span> <span class='ocrx_word' id='word_1_220' title='bbox 767 3845 912 3932; x_wconf 89' lang='lat' dir='ltr'><strong>probare</strong></span> <span class='ocrx_word' id='word_1_221' title='bbox 936 3845 1180 3932; x_wconf 84' lang='lat' dir='ltr'><strong>delegationem</strong></span> <span class='ocrx_word' id='word_1_222' title='bbox 1194 3866 1215 3909; x_wconf 94' lang='lat' dir='ltr'><strong>a</strong></span> <span class='ocrx_word' id='word_1_223' title='bbox 1236 3844 1276 3910; x_wconf 91' lang='lat' dir='ltr'><strong>P.</strong></span> <span class='ocrx_word' id='word_1_224' title='bbox 1288 3840 1323 3910; x_wconf 84' lang='lat' dir='ltr'><strong>S.</strong></span> <span class='ocrx_word' id='word_1_225' title='bbox 1345 3863 1431 3910; x_wconf 89' lang='lat' dir='ltr'><strong>con-</strong></span> 
     </span>
    </p>

    <p class='ocr_par' dir='ltr' id='par_1_13' title="bbox 375 3940 613 4014">
     <span class='ocr_line' id='line_1_35' title="bbox 375 3940 613 4014; baseline 0.004 -1"><span class='ocrx_word' id='word_1_226' title='bbox 375 3969 504 4014; x_wconf 88' lang='lat' dir='ltr'><strong>cessam</strong></span> <span class='ocrx_word' id='word_1_227' title='bbox 525 3948 581 4014; x_wconf 85' lang='lat' dir='ltr'><strong>vel</strong></span> <span class='ocrx_word' id='word_1_228' title='bbox 598 3940 613 3952; x_wconf 60' lang='lat'><strong><em>⁹</em></strong></span> 
     </span>
    </p>

    <p class='ocr_par' dir='ltr' id='par_1_14' title="bbox 335 4047 1430 4343">
     <span class='ocr_line' id='line_1_36' title="bbox 335 4047 1430 4140; baseline 0.001 -27"><span class='ocrx_word' id='word_1_229' title='bbox 335 4047 369 4136; x_wconf 92' lang='lat'><strong>1)</strong></span> <span class='ocrx_word' id='word_1_230' title='bbox 392 4071 436 4114; x_wconf 87' lang='lat' dir='ltr'><strong>ex</strong></span> <span class='ocrx_word' id='word_1_231' title='bbox 467 4050 568 4118; x_wconf 86' lang='lat' dir='ltr'><strong>Ocno.</strong></span> <span class='ocrx_word' id='word_1_232' title='bbox 599 4051 763 4137; x_wconf 82' lang='lat' dir='ltr'><strong>Trident‚</strong></span> <span class='ocrx_word' id='word_1_233' title='bbox 794 4052 888 4138; x_wconf 86' lang='lat' dir='ltr'><strong>cujus</strong></span> <span class='ocrx_word' id='word_1_234' title='bbox 918 4052 1229 4140; x_wconf 87' lang='lat' dir='ltr'><strong>interpretationem</strong></span> <span class='ocrx_word' id='word_1_235' title='bbox 1258 4055 1430 4131; x_wconf 74' lang='lat' dir='ltr'><strong>Fapnanus</strong></span> 
     </span>
     <span class='ocr_line' id='line_1_37' title="bbox 391 4152 1430 4246; baseline -0.002 -26"><span class='ocrx_word' id='word_1_236' title='bbox 391 4153 528 4220; x_wconf 87' lang='lat' dir='ltr'><strong>exhibet</strong></span> <span class='ocrx_word' id='word_1_237' title='bbox 549 4158 584 4222; x_wconf 91' lang='lat' dir='ltr'><strong>in</strong></span> <span class='ocrx_word' id='word_1_238' title='bbox 608 4163 687 4223; x_wconf 90' lang='lat' dir='ltr'><strong>tom.</strong></span> <span class='ocrx_word' id='word_1_239' title='bbox 709 4155 735 4222; x_wconf 95' lang='lat' dir='ltr'><strong>I.</strong></span> <span class='ocrx_word' id='word_1_240' title='bbox 756 4177 789 4243; x_wconf 93' lang='lat' dir='ltr'><strong>p.</strong></span> <span class='ocrx_word' id='word_1_241' title='bbox 811 4159 884 4224; x_wconf 87' lang='lat'><strong>400.</strong></span> <span class='ocrx_word' id='word_1_242' title='bbox 929 4155 1021 4222; x_wconf 85' lang='lat' dir='ltr'><strong>Ofas.</strong></span> <span class='ocrx_word' id='word_1_243' title='bbox 1046 4159 1232 4222; x_wconf 69' lang='lat' dir='ltr'><strong>thomasio.</strong></span> <span class='ocrx_word' id='word_1_244' title='bbox 1259 4152 1285 4220; x_wconf 70' lang='grc' dir='ltr'><strong>Ι.</strong></span> <span class='ocrx_word' id='word_1_245' title='bbox 1306 4175 1339 4246; x_wconf 89' lang='lat' dir='ltr'><strong>p.</strong></span> <span class='ocrx_word' id='word_1_246' title='bbox 1361 4154 1430 4242; x_wconf 79' lang='grc'><strong>466</strong></span> 
     </span>
     <span class='ocr_line' id='line_1_38' title="bbox 390 4256 651 4343; baseline 0.004 -21"><span class='ocrx_word' id='word_1_247' title='bbox 390 4256 456 4342; x_wconf 87' lang='lat' dir='ltr'><strong>(ed.</strong></span> <span class='ocrx_word' id='word_1_248' title='bbox 468 4257 573 4343; x_wconf 61' lang='lat' dir='ltr'><strong>Moy),</strong></span> <span class='ocrx_word' id='word_1_249' title='bbox 595 4259 651 4325; x_wconf 85' lang='lat' dir='ltr'><strong>vel</strong></span> 
     </span>
    </p>

    <p class='ocr_par' dir='ltr' id='par_1_15' title="bbox 330 4358 1041 4449">
     <span class='ocr_line' id='line_1_39' title="bbox 330 4358 1041 4449; baseline 0.006 -25"><span class='ocrx_word' id='word_1_250' title='bbox 330 4358 364 4445; x_wconf 92' lang='grc'><strong>2)</strong></span> <span class='ocrx_word' id='word_1_251' title='bbox 385 4381 432 4431; x_wconf 78' lang='lat' dir='ltr'><strong>ex</strong></span> <span class='ocrx_word' id='word_1_252' title='bbox 454 4361 593 4448; x_wconf 87' lang='lat' dir='ltr'><strong>speciali</strong></span> <span class='ocrx_word' id='word_1_253' title='bbox 614 4365 829 4447; x_wconf 83' lang='lat' dir='ltr'><strong>copcessione</strong></span> <span class='ocrx_word' id='word_1_254' title='bbox 848 4371 883 4432; x_wconf 93' lang='lat' dir='ltr'><strong>et</strong></span> <span class='ocrx_word' id='word_1_255' title='bbox 903 4361 1041 4449; x_wconf 84' lang='lat' dir='ltr'><strong>indulto.</strong></span> 
     </span>
    </p>
   </div>
   <div class='ocr_carea' id='block_1_9' title="bbox 0 0 1544 5150">
    <p class='ocr_par' dir='ltr' id='par_1_16' title="bbox 0 0 1544 5150">
     <span class='ocr_line' id='line_1_40' title="bbox 0 0 1544 5150; baseline 0 2"><span class='ocrx_word' id='word_1_256' title='bbox 0 0 1544 5150; x_wconf 95' lang='lat' dir='ltr'><strong> </strong></span> 
     </span>
    </p>
   </div>
  </div>
 </body>
</html>
