3080 5150
551 393 788 464 -101-

84 563 227 658 Κύριος
249 608 290 620 --
314 562 466 655 κυριακή,
488 563 589 655 κύριε.
612 570 759 637 Deus-
774 570 920 636 divinum
927 562 1021 655 κύριε
1042 561 1180 654 ἐλέησον
1196 607 1230 622 -

189 677 356 763 signifieat
462 718 465 722 -

192 845 199 858 ,
312 778 463 863 „domine
484 776 673 861 miserere“,

192 892 246 950 est
267 889 402 969 recepta
423 903 494 946 vox
516 881 559 946 ob
588 884 751 948 unitatem
781 881 945 948 ecelesiae
972 883 1059 948 inter
1090 879 1242 948 Graecos

192 994 226 1052 et
246 986 398 1063 Latinos,
429 987 479 1050 uti
501 983 600 1050 docet
621 986 743 1046 Feror.
768 1006 792 1049 s.
815 983 846 1048 h.
868 1005 899 1048 v.

233 1089 351 1153 Potius
381 1087 547 1172 signifieat
576 1086 634 1150 illa
671 1108 741 1153 vox
770 1089 1020 1173 responsionem
1049 1085 1165 1171 populi
1195 1086 1239 1150 ad

192 1193 360 1256 orationes
390 1211 451 1276 pro
484 1187 730 1255 oateohumenis
752 1189 906 1255 hereticis
935 1188 979 1253 ab
1002 1190 1160 1275 episeopo
1180 1187 1243 1252 ha·

189 1293 288 1358 bitas.
314 1295 407 1376 Drap,
429 1294 463 1356 in
484 1291 570 1358 libro
593 1310 664 1356 oon.
687 1291 828 1378 apostol.
851 1299 887 1357 et
909 1292 1080 1356 constitut
1099 1290 1244 1377 apostol.

190 1416 222 1481 p.
244 1396 315 1461 107.

644 1597 689 1692 h.

87 1811 256 1874 Laetare
279 1806 365 1872 filios
394 1805 626 1872 Hebraeorum
656 1811 826 1890 nequount
853 1805 1000 1871 numios·
1024 1802 1235 1870 Christianae

191 1913 304 1976 Benod.
327 1907 425 1976 Xl'V.
447 1907 478 1972 d.
501 1927 527 1973 s.
550 1906 581 1972 d.
603 1907 660 1973 lib.
683 1909 712 1974 6.
735 1928 762 1972 o.
784 1909 815 1974 4.
839 1904 868 1993 §.
888 1909 918 1974 2.
1050 1974 1053 1980 ,

92 2013 218 2082 Laicis

236 2119 379 2202 septimo
402 2114 536 2181 saeoulo
556 2113 791 2186 dividebantur
810 2115 845 2178 in
867 2121 936 2180 tres
958 2113 1092 2180 ordines
1115 2147 1156 2161 -
1181 2113 1244 2179 ho-

193 2222 314 2304 norati,
336 2237 563 2305 possessores,
585 2215 682 2303 plebs
706 2224 834 2282 ounota.
855 2215 932 2283 Lib.
954 2215 1059 2281 diurn.
1082 2237 1115 2302 p.
1138 2214 1190 2280 55.

94 2321 202 2391 Laioi
223 2322 422 2411 praedicare
442 2341 508 2386 non
519 2325 662 2406 possunt
684 2339 729 2384 ex
747 2321 984 2385 constitutione
1006 2317 1244 2384 IunooantiiHI.

189 2434 225 2492 et
244 2428 384 2504 Greporii
402 2423 467 2488 IX.

258 2548 284 2592 o.
309 2527 359 2591 12.
383 2527 431 2590 14.
453 2524 499 2591 Χ.
523 2523 566 2590 de
586 2525 713 2590 haeret.
732 2523 774 2590 V.
797 2525 827 2589 7.

235 2627 413 2718 Cf3Kobor
433 2627 591 2694 inlibello
614 2627 657 2692 de
678 2629 905 2714 suspensione,
929 2629 985 2714 qui
997 2633 1089 2693 recte
1110 2628 1242 2710 asserit,

190 2739 269 2800 ante
292 2735 505 2794 Innocentiam
514 2729 573 2796 ΠΙ.
594 2729 688 2795 laiois
710 2750 776 2796 uon
795 2731 900 2798 fuisse
917 2729 1120 2817 prohibitum
1141 2751 1244 2815 prae-

194 2836 315 2901 dioare.

101 2938 235 3008 huious
257 2943 372 3024 potest
383 2935 509 3003 habere
515 2935 783 3022 jurisdictionem
794 2935 1056 3002 ecelesiasticam
1079 2955 1122 3000 ex
1135 2956 1244 3022 papae

191 3041 414 3127 delegatione.
438 3039 481 3126 gl.
504 3040 547 3104 ad
569 3061 595 3105 o.
620 3041 648 3107 1.
671 3039 747 3105 dist.
770 3041 822 3106 96.

104 3142 363 3223 bandaredus,
386 3164 456 3208 vox
479 3141 678 3208 Germanica
700 3177 741 3190 -
763 3142 893 3226 illaesi,
916 3144 974 3228 qui
995 3145 1028 3205 in
1044 3143 1113 3206 suis
1129 3141 1247 3207 tracti·

192 3249 267 3330 bus,
289 3249 406 3332 pagis,
428 3243 613 3309 latifundiis
639 3247 854 3310 eminentiora
872 3245 952 3329 jura
975 3250 1008 3310 et
1022 3263 1124 3329 saepe
1145 3245 1245 3328 quasi
1286 3264 1291 3280 ·

196 3349 327 3436 regalia
346 3351 413 3435 ipsi
435 3368 595 3412 oonoessa
617 3347 731 3432 habet,
754 3348 902 3434 inprimis
925 3345 1052 3433 gaudet
1070 3347 1147 3431 jure
1167 3366 1246 3432 pa-

192 3459 407 3519 tronatus.
526 3486 530 3494 =
1055 3533 1059 3543 Ι

238 3555 332 3620 Idam
354 3574 488 3640 quoque
510 3561 562 3620 ost
583 3554 727 3620 forensis
747 3561 859 3619 stnon
881 3552 998 3637 solum,
1021 3551 1112 3638 quod
1126 3552 1246 3616 attinet

196 3657 241 3722 ad
258 3659 337 3742 jura
348 3677 469 3740 rerum,
492 3657 553 3722 sed
569 3676 613 3720 ox
628 3654 887 3742 obligationibus
905 3656 981 3722 foro
992 3658 1041 3720 rei
1055 3655 1141 3719 sitae
1163 3653 1246 3718 sub·

191 3763 302 3846 jeotus
324 3768 387 3827 est.

109 3864 263 3934 bunione
286 3871 364 3930 sunt
386 3864 530 3951 ungulae
552 3864 725 3930 carnificis.

266 3989 293 4032 o.
319 3969 369 4034 18.
393 3966 431 4032 C.
452 3967 589 4034 XXHI.
613 3989 666 4054 qu.
691 3966 720 4032 5.
743 3987 769 4031 o.
794 3968 845 4032 69.
867 3965 904 4032 Ο.
927 3964 992 4031 XI.
1015 3985 1070 4050 qu.
1091 3963 1121 4028 3.

198 4075 341 4144 &aionas
364 4072 496 4138 observ.
517 4070 573 4136 lib.
596 4072 646 4136 20.
669 4070 741 4136 obs.
764 4072 815 4136 32.

108 4175 217 4262 Lapis
227 4179 261 4240 in
275 4175 528 4262 altariponitur‚
540 4176 607 4261 qui,
628 4176 678 4238 uti
689 4173 802 4262 plures
815 4173 994 4256 affirmant,
1015 4177 1248 4259 repraesentat

195 4277 343 4365 lapidem
380 4277 535 4366 sepulcro
573 4276 699 4344 Christi
716 4279 1028 4365 'superimpositum
1063 4284 1098 4342 et
1135 4273 1246 4360 sigillo

197 4381 356 4448 olausum.
379 4403 406 4447 c.
430 4383 459 4447 1.
480 4381 527 4447 X.
548 4381 607 4448 111.
629 4383 680 4448 40.
