3080 5150
568 391 786 458 ⁶69...

192 565 257 652 leg.
278 566 312 628 in
325 561 517 650 Extravag.
542 561 610 630 Sed
631 567 661 630 si
682 563 748 629 hoc
761 563 961 650 negligimus
985 573 1020 630 ot
1040 565 1085 631 ad
1107 587 1247 632 omnes
1378 576 1384 588 ‘

192 674 377 755 proventus
398 666 561 732 ecclesiae
583 674 786 754 spectamus,
816 669 881 754 ipsi
902 669 937 732 in
966 676 1109 754 quatior
1130 677 1247 756 partes

194 769 438 854 dividebantur,
460 792 601 856 quarum
623 777 703 836 tuno
723 791 790 835 unc.
812 791 892 858 pars
919 771 1057 836 fabricis
1080 771 1249 838 destinata

192 882 275 940 erat.

238 975 274 1042 Si
302 997 384 1042 vero
414 976 575 1042 ecclesiae
611 977 816 1063 singulorum
856 978 1007 1043 locorum
1045 977 1088 1044 ab
1119 979 1248 1063 origine

191 1083 411 1168 propriam
434 1087 467 1146 et
488 1089 683 1168 separatam
705 1081 870 1149 fabricam
892 1081 1097 1165 habuerant,
1122 1080 1248 1146 solum-

192 1184 293 1248 modo
315 1186 349 1247 in
371 1192 440 1249 tres
462 1193 578 1270 partes
601 1206 727 1271 -pro
751 1187 930 1272 episcopo,
960 1205 1023 1271 pro
1055 1183 1183 1250 clericis
1214 1192 1248 1250 et

192 1307 257 1372 pro
278 1287 482 1374 pauperibus
505 1289 640 1374 partitio
662 1287 773 1354 fiebat.

102 1387 260 1455 Fabrica
282 1411 431 1476 --opus
454 1390 508 1456 vel
530 1398 706 1478 operatum
728 1411 757 1456 e.
780 1412 811 1476 g.
834 1388 966 1456 fabrica
988 1390 1138 1456 villatica
1159 1389 1180 1456 1.
1195 1389 1246 1456 13.

192 1491 276 1558 Cod.
299 1496 406 1557 Ilscod.
427 1491 487 1577 VI,
510 1497 540 1558 4.
562 1493 583 1558 1
602 1495 652 1560 30.
674 1491 755 1562 XV.
777 1497 807 1558 4.

103 1593 350 1676 Fabriccnsas,
373 1595 647 1684 hydrophilacae,
670 1600 783 1660 Baaed.
794 1595 884 1662 XIV
885 1638 890 1648 ·
916 1595 948 1662 d.
967 1619 993 1662 s.
1016 1596 1121 1662 dioec.
1139 1594 1160 1660 1
1182 1596 1246 1662 IX.

192 1722 221 1764 c.
242 1698 345 1766 XIX.
370 1721 419 1764 nr.
441 1698 470 1763 3.

104 1799 334 1868 Fabrlcensls
355 1837 396 1848 -
420 1804 477 1888 qui
499 1801 634 1887 publica
656 1823 749 1866 arma
770 1803 853 1868 facit
875 1805 909 1866 in
932 1803 1076 1890 publicis
1106 1802 1245 1868 fabricis

191 1913 227 1971 et
255 1927 323 1970 non
345 1904 424 1969 alibi
446 1939 488 1952 -
511 1911 546 1968 et
568 1903 625 1968 illa
646 1905 752 1969 tradit
780 1907 984 1992 primicerio,
1017 1907 1074 1991 qui
1103 1911 1247 1992 reponat

189 2012 226 2073 in
247 2008 386 2096 publicis
410 2009 632 2074 armamentis.
659 2007 703 2093 gl.
726 2008 770 2074 ad
792 2030 819 2074 c.
844 2010 894 2074 12.
915 2011 949 2074 in
971 2008 1044 2075 VI⁰.
1065 2007 1107 2073 V.
1131 2010 1180 2074 11.

106 2112 239 2178 Facere

149 2215 184 2302 1)
209 2222 323 2304 potest
334 2218 409 2302 quis
423 2235 484 2301 per
500 2213 610 2298 alium,
634 2215 725 2302 quod
736 2223 851 2303 potest
872 2217 985 2282 facero
1007 2217 1245 2302 perseipsum,

211 2341 281 2404 reg.
305 2319 355 2384 68.
376 2321 411 2382 in
432 2317 505 2384 vla

147 2421 184 2507 2)
212 2420 311 2500 Quod
332 2423 414 2488 facit
435 2442 496 2508 per
520 2421 631 2510 alium,
653 2430 705 2488 est
727 2422 865 2510 perinde
888 2443 929 2488 ae
950 2425 979 2488 si
999 2421 1105 2486 faciat
1125 2441 1187 2508 per
1209 2443 1247 2487 se

210 2527 329 2612 ipsum,
350 2545 420 2610 reg.
445 2526 494 2588 72.
523 2527 557 2590 in
580 2523 653 2590 VI⁰.
675 2525 720 2610 gl.
742 2526 787 2590 ad
809 2547 837 2590 c.
860 2527 889 2592 9.
912 2523 997 2592 (3.1.
1021 2545 1074 2611 qu.
1097 2525 1126 2586 7.
1156 2529 1245 2588 Roas·

211 2632 280 2712 hirs,
301 2628 650 2714 Dogmongeschichte
671 2649 703 2715 p.
727 2630 798 2695 166.

106 2730 230 2797 Facies
252 2731 412 2798 ecclesiae
432 2733 453 2794 i.
476 2753 503 2798 e.
525 2733 742 2798 ministerium
764 2732 925 2798 ecclesiae
954 2753 1067 2798 coram
1096 2731 1245 2819 parocho

189 2837 338 2922 proprio.

106 2935 271 3003 Facinus
316 2935 382 3016 Qui
411 2943 523 3002 autem
559 2939 738 3004 manifesto
766 2940 908 3004 facinori
944 2938 1067 3004 desinit
1096 2939 1243 3023 obviare,

191 3061 280 3104 cum
302 3046 467 3126 potest,
491 3043 663 3107 consentit.
709 3042 878 3106 Gratianus
901 3065 956 3128 qu.
979 3043 1008 3106 3.
1033 3039 1070 3107 Ο.
1093 3039 1209 3106 XVII.

108 3141 256 3208 Factum
278 3139 463 3207 notorium
482 3145 503 3207 i.
526 3163 553 3208 e.
577 3144 800 3229 manifestum,
823 3145 932 3230 quod,
955 3148 985 3209 si
1006 3145 1112 3229 liquet
1129 3144 1245 3228 judici,

154 3321 160 3334 Ι
191 3247 342 3311 accusari
363 3266 441 3330 non
469 3253 594 3332 potest,
618 3267 644 3311 c.
660 3247 711 3311 21.
732 3247 780 3312 X.
802 3248 844 3312 II.
867 3249 918 3313 24.

235 3346 298 3414 Cui
322 3351 500 3434 opponitur
521 3349 648 3414 factum
670 3350 906 3433 occultum3
929 3348 993 3415 boc
1007 3356 1121 3435 potest
1145 3370 1245 3414 accu-

190 3453 269 3535 sari,
287 3471 351 3516 nec
372 3453 447 3537 ipso
467 3452 542 3535 jure
559 3453 762 3537 inquisitioni
785 3454 1018 3536 committitur,
1042 3451 1103 3517 sed
1125 3453 1246 3538 poeni·-

190 3555 313 3620 tentiae
334 3555 500 3618 internae:
530 3554 620 3641 quod
649 3575 729 3620 vcro
752 3557 873 3619 attinet
902 3554 947 3618 ad
976 3554 1121 3638 clerum,
1153 3557 1246 3640 epis-

192 3678 277 3742 copo
300 3663 334 3720 et
357 3656 430 3741 ejus
454 3659 678 3722 conscientiae
699 3658 899 3723 informatae
922 3678 966 3723 ex
996 3655 1144 3722 Concilio
1166 3657 1246 3721 Tri-

192 3759 327 3825 dentino
349 3759 559 3846 relinquitur.

109 3859 308 3928 Facultates
330 3863 493 3929 ecclesiae
519 3873 597 3930 sunt
618 3885 673 3930 res
696 3864 944 3930 ecclesiasticae
964 3866 1115 3930 insensu
1132 3863 1246 3930 latiori

193 3968 292 4031 etiam
313 3965 525 4052 spirituales,
553 3969 588 4030 in
617 3989 718 4033 sensu
747 3970 910 4037 strictiori
939 3967 1162 4033 excluduntur
1190 3987 1245 4034 res

192 4077 410 4134 consecratae
433 4076 467 4134 et
488 4069 696 4136 benedictae.
718 4075 844 4150 Ptittipr
867 4093 973 4158 comp.
995 4092 1027 4157 p.
1051 4073 1123 4136 604.

108 4169 236 4238 Faldao
260 4171 341 4257 quid
364 4181 477 4239 essent
499 4179 534 4238 et
549 4174 714 4258 quomodo
729 4174 892 4262 paulatim
907 4177 1110 4262 extirpatae,
1133 4176 1245 4238 Barea.

193 4273 290 4341 XIV.
313 4273 343 4338 d
367 4295 393 4338 s.
419 4274 1033 4363 (1116116115.9.111).13.ο.
1059 4279 1108 4342 17.
1132 4275 1158 4362 ᾖ
1183 4279 1211 4341 6.

109 4375 261 4445 Falcidia
283 4384 336 4444 est
357 4377 497 4464 triplex:
525 4387 684 4466 naturae,
706 4383 923 4458 institutionis
947 4389 981 4451 ct
1000 4379 1244 4472 trebellianica3

195 4504 226 4552 v.
248 4485 378 4548 Heredis
398 4482 574 4553 institutio.
