3080 5150
551 357 787 430 -145-

137 536 180 624 b)
204 543 283 624 post
304 537 397 602 litem
421 544 644 603 contestatam
667 536 798 602 articuli
820 538 941 602 actoris
966 543 999 602 et
1020 539 1086 617 rei,
1116 537 1235 624 quibus

204 640 261 706 1116
284 643 448 704 actionem
461 639 635 723 fundabat,
657 639 712 704 hic
728 639 937 705 defensiones
950 641 1176 724 construebat,
1199 647 1237 706 ut

205 747 240 807 in
256 743 457 828 quibusdam
478 745 625 807 terminis
638 763 749 807 coram
766 741 880 827 judice
900 749 1140 808 tractarentur:
1161 742 1238 807 hinc

207 866 315 911 novus
338 844 422 910 ordo
441 845 641 930 judiciorum
664 845 803 911 effectus
827 852 888 911 est.
931 845 1120 911 Positiones
1144 851 1240 911 erant

207 949 409 1013 velocioris
432 983 474 994 —
495 947 550 1012 vel
573 947 840 1034 exceptionales,
871 947 926 1012 vel
953 950 987 1014 111
1014 947 1147 1034 replicis
1178 947 1240 1014 eli-
1311 1029 1313 1036 Ι

209 1055 273 1116 sivi
294 1087 335 1098 -—
358 1073 424 1116 11611
445 1072 522 1117 1616
546 1071 589 1116 ex
620 1050 749 1115 duabus
779 1050 931 1137 partibus
962 1050 1183 1117 additionales
1206 1057 1241 1116 et

209 1154 1241 1242 superadditionales,quibussystemaprocessusinextricabile

209 1260 335 1323 factum
358 1265 417 1324 est.
461 1257 610 1344 Ideoque
632 1258 826 1322 reformatio
857 1257 1022 1342 quaedam
1052 1259 1241 1323 necessaria

209 1362 288 1426 fuit:
312 1361 453 1426 historia
474 1363 675 1447 positionum
697 1367 841 1447 quatuor
863 1359 1022 1446 periodos
1046 1360 1242 1446 complecti-

209 1472 280 1530 tur:
303 1467 473 1550 originem,
496 1485 724 1550 progressum,
747 1463 968 1530 sublationem
982 1463 1195 1529 articulorum
1208 1465 1243 1527 in

207 1567 335 1653 judicio
346 1569 610 1653 praeparatoria,
629 1575 663 1633 et
676 1587 788 1634 earum
804 1569 1089 1634 conservationem
1111 1569 1144 1630 in
1160 1585 1243 1652 pro-

211 1671 351 1734 batorio.

264 1771 305 1836 V.
318 1772 371 1858 gl.
396 1772 440 1837 ad
462 1774 533 1837 61.
554 1775 589 1837 111
610 1771 683 1838 VI⁰.
706 1774 736 1858 2,
759 1779 788 1840 9.

97 1877 303 1942 Postulans
324 1911 366 1922 —
388 1875 569 1962 postulatio
593 1883 645 1940 est
667 1875 784 1941 modus
807 1875 988 1958 electionis,
1011 1879 1063 1942 oui
1084 1875 1244 1942 accedere

198 1979 300 2044 debet
323 1978 529 2066 dispensatio
553 1979 686 2065 Papae:
717 1979 764 2045 X.
787 1979 843 2045 lib.
867 1982 895 2046 1.
916 1983 963 2046 tit.
989 1980 1017 2045 5.
1040 1979 1244 2066 dispensatio

199 2081 338 2162 obtinet,

153 2189 191 2266 a)
214 2188 243 2250 si
263 2183 531 2271 impedimentum
554 2189 747 2252 canonicum
770 2186 893 2267 obstat,
1106 2265 1111 2271 Ι

152 2288 192 2374 11)
215 2309 288 2354 cum
307 2288 351 2352 ad
373 2291 565 2375 pontificem
588 2311 632 2355 ex
654 2293 773 2376 quavis
799 2309 901 2354 causa
922 2288 1161 2355 recurrendum
1187 2297 1247 2356 est.

108 2393 307 2457 Postulat-c
329 2427 370 2438 ·-
393 2413 495 2477 agere
516 2413 578 2480 pro
602 2391 666 2459 alio
688 2427 730 2439 —
745 2391 932 2461 defendere
954 2392 1054 2460 alium
1074 2427 1115 2440 -
1138 2392 1247 2459 locum

203 2494 339 2560 alterius
362 2503 484 2561 tenere.

269 2599 317 2665 X.
339 2598 393 2664 lib.
418 2601 445 2663 1.
468 2601 518 2663 tit.
540 2597 591 2664 37.

109 2702 328 2768 Postulatur
348 2722 492 2788 persona
515 2701 627 2787 aliquo
650 2701 884 2789 impedimento
915 2709 973 2768 aut
995 2700 1130 2770 defectu
1151 2701 1249 2768 labo·

202 2827 291 2890 rans,
314 2826 358 2870 ex
381 2825 447 2891 quo
469 2826 536 2870 non
558 2812 609 2870 est
632 2804 796 2890 eligibilis.

108 2906 310 2977 Possessio
333 2906 441 2991 quasi
467 2943 502 2953 -
523 2909 579 2994 jus
593 2906 796 2973 Canonicum
817 2910 936 2994 recipit
963 2908 1139 2976 interdicta
1164 2911 1250 2996 juris

203 3013 347 3080 Romani
359 3015 428 3098 „uti
447 3011 626 3098 possidetis
641 3019 674 3078 et
687 3010 729 3077 de
740 3010 805 3096 vi“,
829 3014 858 3076 si
873 3012 915 3076 de
925 3015 1138 3098 possessione
1161 3031 1252 3078 cor·

204 3137 352 3204 porum
374 3122 553 3180 tractatur:
577 3122 611 3180 et
633 3118 662 3180 si
684 3121 762 3181 sunt
774 3113 973 3200 applicanda
994 3114 1038 3180 ad
1060 3117 1252 3197 servitutes,

205 3239 280 3285 cum
300 3221 471 3306 possessio
490 3219 575 3304 juris
596 3217 724 3284 tradita
745 3225 813 3284 est:

273 3322 294 3388 l.
317 3323 430 3389 161).
453 3324 482 3388 8.
506 3325 534 3388 1.

249 3425 288 3492 In
311 3425 460 3491 omnibus
484 3425 557 3491 aliis
581 3426 681 3492 rebus
711 3423 1066 3511 incorporalibus
1095 3427 1254 3511 competit

207 3532 294 3595 actio
325 3551 369 3595 ex
391 3549 516 3594 canone
538 3526 594 3594 vel
617 3527 826 3614 spoliatione,
850 3549 936 3613 quae
958 3548 1039 3593 vero
1061 3549 1125 3594 non
1147 3529 1253 3594 minus

208 3632 251 3697 ad
272 3635 519 3720 possessionem
543 3653 719 3719 corporum
739 3629 916 3697 referenda
939 3639 998 3696 est.

277 3735 321 3822 gl.
344 3735 388 3799 ad
411 3757 437 3800 c.
461 3737 511 3800 16.
534 3734 581 3800 Χ.
603 3733 645 3800 Π.
668 3735 697 3800 2.

276 3837 630 3906 ado.3.X.11.12.

111 3943 341 4010 Pradella-
355 3943 474 4009 divisio
487 3941 614 4007 altaris.
637 3942 787 4024 Ferraria,
810 3939 876 4005 ind.
899 3943 1020 4004 rituum
1043 3961 1069 4005 s.
1085 3963 1115 4004 v.
1140 3939 1257 4006 altare.

112 4046 343 4128 Praebenda,
354 4069 386 4111 v.
407 4045 613 4130 beneficium,
635 4045 819 4130 praestatio
831 4044 924 4107 facta
944 4042 1002 4128 illi,
1032 4045 1089 4128 qui
1112 4043 1258 4111 officium

208 4157 309 4216 tenet.
399 4200 404 4210 .

252 4253 455 4318 Beneficium
472 4259 649 4337 utrumque
673 4253 817 4316 continet
838 4250 892 4314 vel
914 4251 1060 4316 officium
1082 4249 1137 4314 vel
1157 4267 1260 4334 prae·

208 4356 371 4440 bendam,
410 4391 452 4404 -·
481 4353 673 4442 praebenda
709 4373 791 4418 vero
820 4352 1008 4420 nullatenus
1039 4353 1184 4418 officium
1226 4357 1260 4416 et

1115 4457 1157 4520 10
