3088 5140
565 340 801 422 -raeu

220 511 317 592 'sed
334 545 446 612 neque
468 546 531 612 per
553 529 730 614 episcopos
750 520 899 614 judicas,
921 517 1030 614 nepus
1052 517 1114 615 per
1135 525 1256 596 docto-

191 649 252 695 res
290 633 470 715 magistros
508 665 549 677 -
580 651 689 716 neque
720 651 783 718 per
819 630 1092 698 consuetudinem
1129 629 1256 718 aliquid

194 735 328 798 mutari
349 740 481 819 poteet3
506 753 587 819 ergo
610 733 695 799 haec
717 733 951 820 interpretatio
973 733 1180 800 solummodo
1204 742 1255 800 est

105 837 107 840 ’
191 835 417 918 declarativa,
438 843 472 902 et
493 839 730 902 auctoritativa
753 825 791 900 fit
812 839 1013 904 necessaria.

238 939 482 1024 Inter-pictatio
500 939 625 1023 judicis
644 938 819 1024 praevalet
832 939 1026 1026 magistrali,
1048 947 1083 1007 et
1098 957 1160 1026 per
1181 957 1255 1004 ma·

193 1045 327 1128 gistros
350 1061 458 1126 neque
481 1041 615 1126 glossae
637 1061 745 1127 nequa
765 1040 1000 1107 adnotationes
1022 1041 1256 1109 velcommen-

194 1145 281 1208 tarii
304 1143 452 1209 adscribi
473 1151 625 1231 possunt
639 1141 779 1212 Ooncrlii
795 1131 968 1228 thesibust
997 1143 1074 1210 inde
1104 1144 1254 1211 collectio

191 1247 277 1312 libri
299 1248 431 1332 septimi
454 1269 475 1310 a
499 1250 648 1311 Clemente
670 1247 761 1313 vm.
785 1247 878 1312 facta
899 1235 1026 1332 rejecta
1055 1247 1128 1312 fuit.
1171 1248 1255 1328 Foc-

192 1371 303 1414 aanor
324 1352 375 1414 tit.
398 1350 440 1413 de
458 1347 603 1436 judiciis.
625 1371 674 1418 nr.
688 1351 738 1414 62.

239 1452 284 1517 In
314 1455 413 1517 certis
442 1461 554 1518 terrae
582 1454 764 1539 proviaciis
796 1450 980 1518 Concilium
1011 1453 1103 1518 Trid.
1131 1451 1255 1539 publici

189 1557 284 1641 juris
295 1556 431 1639 factum,
455 1558 488 1620 in
503 1555 575 1622 aliis
588 1577 663 1620 non.
687 1557 822 1618 Perronc
838 1555 880 1620 de
894 1559 1033 1621 matrim.
1055 1557 1166 1621 christ
1176 1563 1255 1622 tom.

196 1661 228 1724 2.
253 1667 289 1724 et
311 1657 464 1726 analecta
482 1659 548 1744 jur.
569 1667 660 1745 pont.
682 1659 754 1724 livr.
778 1661 828 1724 28.

110 1760 304 1846 Tripuuic,
333 1762 453 1848 quibus
482 1758 545 1829 SS.
574 1763 763 1848 Martyrum
791 1761 948 1832 natalitia
977 1761 1254 1848 profanabantur,

194 1868 316 1930 vetita.
339 1867 449 1928 amec.
474 1864 505 1930 d.
527 1886 555 1930 s.
578 1865 609 1931 d.
631 1866 685 1932 lib.
708 1865 773 1934 XI.
797 1887 823 1932 c.
845 1863 905 1932 ΠΙ.
926 1868 1029 1932 initia.

114 1965 325 2052 Trisagium
347 1967 487 2054 (festum
517 1967 558 2036 de
587 1971 736 2038 trinitate
766 1967 1000 2056 personarum)
1031 1975 1083 2039 eat
1113 1968 1254 2054 hymnus

198 2073 249 2138 sic
274 2069 382 2136 dictus
405 2091 425 2134 a
447 2078 499 2136 ter
521 2073 665 2158 repetita
687 2092 770 2138 voce
789 2059 878 2155 ἅγιος
900 2061 918 2134 ὁ
940 2063 1019 2148 θεὸς
1048 2059 1136 2155 ἅγιος
1165 2069 1255 2152 logo-

196 2167 257 2260 ρός
282 2165 372 2256 ἅγιος
394 2165 555 2251 diductos
576 2165 711 2258 ἐλέησον
734 2167 816 2261 ἡμᾶς
837 2207 878 2222 -
902 2173 992 2265 apud
1010 2173 1162 2246 Graecos
1183 2173 1255 2244 fro·

198 2280 449 2365 quentissimus,
473 2279 563 2365 apud
586 2277 727 2344 Latinos
750 2285 917 2364 receptus.

113 2377 375 2462 'l'rismegistus
396 2401 425 2444 a
450 2383 477 2445 1.
501 2380 577 2448 dist.
601 2383 629 2472 7¹.

113 2481 309 2550 Triturans
329 2482 402 2548 boa.
425 2483 514 2552 deut.
534 2485 584 2554 26..
607 2490 641 2550 ct
660 2482 704 2550 ad
721 2481 864 2550 Timoth.
886 2481 911 2550 Ι.
935 2481 963 2550 5.
986 2503 1012 2547 c.
1030 2483 1057 2546 1.
1080 2488 1255 2572 extravag.

200 2607 318 2656 comm.
342 2585 385 2652 dc
407 2585 600 2674 privilegiis.

113 2687 336 2772 Trivogium,
360 2710 426 2775 quo
449 2697 518 2755 tres
552 2709 718 2776 personae
752 2687 883 2756 divinae
904 2685 1092 2754 laudantur.
1132 2686 1256 2755 amaa

109 2790 334 2876 Tropologia
358 2813 378 2855 a
400 2799 499 2880 tropo
513 2783 685 2876 -τρόπος
707 2799 759 2859 est
782 2792 894 2876 dictio,
915 2795 949 2855 in
972 2811 1038 2882 qna
1047 2793 1188 2881 propria
1203 2797 1256 2856 est

199 2931 244 2944 -
266 2895 431 2962 translata
452 2897 486 2960 in
508 2915 592 2979 eum,
614 2897 648 2960 in
671 2916 737 2984 qno
759 2897 898 2984 propria
919 2915 986 2962 non
1008 2899 1068 2959 est.
1116 2895 1252 2970 Quincti·

199 3001 302 3065 lionae
323 2997 379 3064 lib.
401 2999 430 3064 2.
454 3019 482 3064 c.
503 3001 533 3066 4.
968 3071 969 3076 1

244 3099 379 3187 Tropus
392 3106 455 3180 cst
467 3101 576 3186 figura
599 3107 633 3168 et
655 3099 846 3186 tropologia
860 3097 1024 3184 figuratus
1037 3116 1156 3181 sermo,
1179 3095 1255 3162 Vid.

201 3208 379 3283 fflaonym.
401 3207 435 3268 in
458 3203 543 3269 Joel.
567 3225 593 3268 c.
617 3205 645 3268 2.
670 3210 722 3268 cst
745 3201 986 3267 demonstratio
1009 3199 1196 3264 scientifica
1212 3233 1254 3246 ·-

199 3307 346 3390 moralis,
371 3308 529 3370 Forcrttiai
552 3301 924 3391 „juxtutropologiam“
949 3323 976 3369 c.
1000 3303 1050 3368 71.
1074 3301 1253 3389 depoenit.

200 3409 277 3475 dist.
303 3413 330 3474 1.

160 3515 300 3590 Hieram:
322 3531 445 3598 „super
468 3512 576 3578 tribus
600 3507 782 3580 sceleribus
804 3507 966 3576 'Damasci
989 3516 1023 3574 et
1044 3527 1145 3596 super
1169 3527 1255 3594 qua-

323 3622 400 3680 tuor
422 3635 488 3679 non
512 3622 703 3680 convertam
727 3633 811 3696 eum,
835 3614 984 3698 sequitur
1002 3611 1105 3696 juxta
1136 3616 1255 3696 tropo-

319 3714 447 3802 logiam
471 3723 543 3799 etc,
568 3715 667 3784 etde
696 3717 845 3805 peccatis
869 3715 1020 3779 omnibus
1049 3713 1084 3775 in
1110 3717 1254 3798 quatuor

323 3841 448 3904 genera
471 3817 585 3886 divisis
609 3841 719 3890 sermo
742 3827 802 3884 est.
825 3820 955 3906 respice
978 3813 1022 3880 ad
1044 3815 1194 3901 glossas:

161 3919 196 4004 a)
220 3921 264 3985 ad
287 3943 357 3988 can.
381 3925 445 4005 cit,
468 3923 526 3988 ubi
547 3923 738 4008 tropologia
761 3920 951 4008 appellatur
974 3918 1155 4003 moralitas,

159 4019 198 4108 b)
221 4023 265 4089 'ad
288 4045 315 4091 c.
327 4027 356 4088 4.
380 4025 517 4091 distet.
541 4023 721 4092 secundum
743 4023 1049 4111 tropologiarum.
1072 4021 1254 4088 secundnm

116 4177 118 4184 ,
217 4127 378 4194 moralem
411 4129 617 4196 intellectum
647 4135 824 4218 atropos,
853 4126 944 4212 qnod
981 4134 1034 4193 est
1066 4129 1253 4201 conversio,

222 4231 356 4316 quando
389 4232 494 4298 verba
530 4239 645 4298 nostra
682 4233 906 4300 convertimus
937 4229 982 4296 ad
1010 4249 1118 4330 mores
1147 4228 1254 4295 infor-

220 4332 371 4404 mundos.
