3108 5138
808 379 1000 442 ...2-

336 550 533 615 Absolvere
551 549 594 615 ab
616 552 847 616 instantia:
869 551 1100 616 -fitinforo
1116 556 1314 634 externo,
1338 550 1475 636 etapud

421 654 590 718 Romanos
613 657 647 718 in
668 655 743 719 foro
768 654 855 718 civili
886 658 951 738 ita,
973 664 1011 718 ut
1034 653 1149 719 eadem
1171 675 1225 718 res
1253 657 1287 717 in
1312 653 1475 739 judicium

420 760 571 822 revocari
603 760 720 843 possit.
772 757 995 844 Nequaquam
1033 779 1113 822 vero
1141 757 1188 820 illi
1214 756 1340 841 judicio
1363 778 1475 843 oppo-

421 860 529 924 nenda
549 868 601 925 est
613 863 699 925 actio
715 861 768 925 vel
783 864 935 946 exceptio
952 864 1000 926 rei
1010 860 1191 945 judicatae,
1214 882 1301 946 quae
1315 860 1400 927 duae
1411 882 1475 947 pro

419 967 563 1030 veritate
585 967 799 1050 accipiuntur.

342 1068 539 1132 Absolvers
562 1088 583 1130 a
612 1076 791 1153 peccato
814 1104 855 1114 —
880 1068 918 1137 fit
940 1071 974 1132 in
995 1069 1071 1134 foro
1101 1071 1272 1133 interno
1301 1067 1356 1134 vel
1384 1067 1476 1154 poli

361 1251 364 1256 Δ
421 1179 454 1235 et
477 1177 528 1234 est
549 1170 603 1235 vel
626 1170 792 1236 absolutio
815 1171 959 1257 plena,
986 1193 1053 1260 qua
1075 1173 1150 1256 quis
1180 1173 1318 1257 praevia
1348 1173 1476 1234 contri-

419 1277 508 1338 tione
525 1273 627 1359 -ptene
649 1273 810 1338 liberatur
839 1275 893 1340 vel
922 1274 1263 1356 conditionalis,
1297 1293 1365 1360 qua
1392 1271 1476 1359 quid

420 1384 622 1442 reservatur.
645 1379 904 1463 unigenam,
926 1376 1198 1464 probabilismus.

334 1479 532 1545 absolvero
555 1480 599 1544 ad
630 1480 857 1565 cautelam,
889 1480 933 1544 ad
967 1479 1297 1546 reincidentiam
1325 1483 1474 1555 Boutirt

376 1667 383 1673 ι
420 1579 817 1669 caniuohtpcgslu.

333 1684 535 1751 Abusiones
565 1686 855 1751 saecularium
892 1693 970 1752 sunt
999 1685 1181 1752 duodecim.
1223 1685 1371 1774 Sapiens
1402 1690 1475 1752 sine

418 1790 585 1876 operibus,
608 1811 710 1855 senex
723 1792 795 1855 sine
817 1789 987 1875 religione,
1010 1789 1206 1855 adolescens
1218 1794 1289 1856 sine
1311 1789 1475 1866 cheben-

418 1895 475 1978 tia,
498 1893 592 1958 dives
614 1895 684 1958 sine
706 1892 914 1976 eleemosina,
936 1893 1060 1958 femina
1082 1897 1154 1959 sine
1169 1893 1340 1980 pudicitia,
1363 1892 1474 1961 domi-

412 2017 479 2062 uus
503 1998 719 2080 sinsvirtute,
741 1997 848 2060 frater
866 1999 1107 2081 contentiosus,
1136 2017 1265 2084 pauper
1291 1997 1473 2084 supsrbus,

417 2121 480 2164 rex
499 2101 642 2185 iniquus,
666 2101 843 2186 episcopus
866 2099 1056 2186 negligens,
1078 2099 1174 2186 plebs
1197 2103 1268 2166 sine
1281 2100 1474 2186 clisaiplina·

332 2200 537 2267 Abuslones
558 2195 636 2267 sunt
658 2201 832 2268 duodecim
853 2204 895 2266 in
917 2202 1129 2268 claustro:
1150 2203 1343 2289 ,graelatus
1361 2205 1474 2288 negli-

418 2327 510 2391 gens,
535 2305 717 2391 disoipulus
733 2304 944 2390 -inobediens,
964 2307 1096 2391 juvenis
1120 2308 1258 2390 otiosus,
1281 2327 1386 2372 senex
1408 2308 1474 2371 ob-

417 2412 570 2494 stinatus,
591 2409 773 2474 monachus
790 2409 933 2491 curialis,
957 2409 1136 2474 monachus
1151 2409 1347 2493 causidicus,
1368 2409 1473 2475 habi-

416 2521 472 2579 tus
494 2515 670 2598 pretiosus,
693 2513 786 2577 cibus
805 2511 1013 2596 exquisitus,
1035 2515 1203 2578 numeria
1231 2513 1396 2596 claustro,
1428 2513 1471 2578 lis

416 2619 450 2678 in
461 2616 621 2702 capitulo,
637 2615 810 2680 dissolutio
824 2613 978 2699 inchoro,
993 2617 1211 2683 irreverentia
1227 2618 1316 2681 unca
1330 2614 1471 2681 altare.“

417 2717 533 2802 glossa
556 2718 599 2781 ad
622 2717 712 2782 clem.
738 2720 766 2782 1.
788 2717 847 2782 ΙΠ.
871 2719 920 2783 10.

333 2821 483 2885 Abusus
504 2825 537 2884 in
560 2823 737 2907 baptismo,
760 2822 976 2906 confessione,
1000 2823 1218 2908 eucharistia,
1249 2824 1471 2908 manimoniO,

418 2919 543 3008 01111141,
565 2925 663 2989 sacra
687 2927 855 3010 scriptura
876 2925 970 2989 Fun.¹

416 3025 633 3094 Recursus
650 3027 692 3092 ab
709 3028 845 3103 abusu
857 3030 1472 3115 estusuiuatioronum-eccloeiastiea-

417 3151 490 3200 rum
511 3145 571 3218 per
590 3138 796 3218 potestatem
817 3129 1032 3199 saeculnm.

310 3237 554 3300 Accusator
578 3256 598 3298 a
621 3255 758 3301 censu.
782 3239 847 3299 aaa.
870 3241 911 3299 du
932 3239 1044 3300 Ram
1064 3239 1124 3317 (al.
1146 3239 1306 3318 amnas
1330 3240 1354 3303 i.
1377 3260 1409 3314 ,a
1432 3241 1471 3303 in

411 3340 488 3426 jure
510 3341 667 3408 canoniea
685 3335 918 3406 anadiaton'
950 3361 980 3406 c.
999 3342 1045 3406 411)
1062 3338 1105 3405 c.
1125 3339 1207 3407 ΧΠ.
1226 3363 1285 3428 qu.
1302 3343 1337 3405 12.

330 3441 496 3526 Acceptio
518 3446 538 3508 i.
554 3464 580 3506 o.
603 3450 852 3528 „respectus
868 3442 1171 3528 personarum“
1185 3467 1213 3509 c.
1229 3447 1258 3508 6.
1277 3442 1471 3511 (LXXVI.

416 3569 469 3634 qu.
494 3550 522 3612 7.
546 3569 572 3612 c.
596 3549 646 3612 111.
664 3548 711 3611 de
732 3547 817 3632 sog.
831 3547 897 3631 Jur.
911 3549 946 3610 in
960 3546 994 3610 V
994 3546 1034 3611 1⁰.
1062 3551 1157 3628 Daui,
1173 3546 1359 3624 Commeat.
1375 3546 1423 3612 ad
1435 3549 1470 3613 11.

415 3650 436 3716 l.
463 3655 626 3714 Benedicti.
638 3650 735 3715 XIV.
757 3649 790 3713 d.
813 3669 838 3714 s.
862 3649 893 3713 d.
915 3647 981 3734 (ed.
1003 3650 1096 3736 Meg.
1115 3672 1194 3737 pag.
1217 3653 1269 3715 87.
1292 3651 1390 3715 Tomi
1408 3650 1470 3735 II.)

415 3759 553 3833 Setclkr,
575 3754 691 3818 nexio.
714 3753 786 3818 sub.
808 3753 867 3816 Nn.
886 3752 919 3817 Ι5.
944 3752 1128 3834 fflacuolati
1154 3775 1221 3819 non
1241 3754 1344 3819 habet
1365 3753 1397 3818 11.
1419 3752 1469 3836 v.)

417 3861 545 3921 Olotaiaa
558 3877 635 3944 pag.
645 3857 698 3922 59.
713 3892 754 3904 —-
765 3855 918 3940 Denique
942 3857 1101 3922 observat
1121 3861 1276 3920 Nouem
1291 3857 1376 3942 „hoc
1387 3877 1469 3921 vcr-

409 3962 492 4026 ·bum
510 3983 588 4027 esse
610 3955 897 4027 ecclesiastioumfl
917 3961 960 4026 V.
978 3983 1112 4047 quoque
1133 3965 1274 4027 stum'a
1296 3965 1340 4025 ed.
1365 3963 1469 4024 Oasin.

328 4065 506 4151 necessus
521 4068 622 4152 „quia
629 4065 737 4150 judex,
759 4064 803 4128 ad
817 4085 886 4128 rem
900 4063 1138 4150 inspiciendam
1160 4063 1346 4148 accedit,
1369 4065 1468 4148 eique

391 4151 506 4234 ¹locus
531 4177 586 4234 sst
607 4172 642 4232 in
657 4172 703 4234 iis
726 4167 837 4254 rebus,
857 4187 948 4254 quaa
966 4167 1033 4244 ¹sub
1050 4164 1334 4248 ocutoscadunffl
1355 4170 1469 4230 Dauoti

409 4274 530 4338 ’institt
549 4273 618 4357 jur,
633 4295 708 4338 can.
727 4275 779 4338 tit
801 4271 843 4338 de
864 4273 995 4359 probat
1016 4269 1046 4357 ὃ.
1069 4273 1120 4336 27.

328 4375 508 4442 Accessus
532 4379 565 4440 in
589 4363 742 4462 eligendo
757 4377 922 4463 pontifice.
945 4397 976 4441 v.
992 4378 1127 4454 Philipps
1139 4373 1413 4460 jusaculasttom.
1424 4372 1467 4439 V.
