3080 5150
775 355 989 420 ..64-

398 531 515 594 nonioo
537 529 640 612 locus,
665 529 723 614 qui
745 526 921 592 adhibetur
944 527 988 592 ad
1011 530 1171 594 exercitia
1193 527 1374 594 radenda:
1399 528 1460 594 sed

400 631 442 696 de
460 633 536 716 jure
559 633 717 694 canonico
731 607 832 715 ⁸apud
854 634 895 692 da
909 632 1018 694 111111
1040 631 1085 696 nil
1107 635 1282 719 reperitur.
1326 633 1371 698 In
1380 633 1459 718 jure

400 737 558 799 canonico
588 737 663 820 ipso
695 754 850 802 carcer
882 736 1078 798 nominatur.
1108 734 1458 802 1.35.Χ.(111111.

400 859 606 904 excommun.
629 837 669 902 V.
692 837 743 902 39.
767 857 794 900 o.
816 837 846 902 3.
868 839 902 900 iu
923 835 996 902 VI⁰.
1019 837 1048 902 5.
1072 840 1101 904 9.

441 941 480 1006 In
502 939 718 1006 vocabulario
740 939 879 1024 legiturz
910 940 1081 1026 ergastula
1111 941 1266 1010 dicuntur
1297 962 1457 1008 carceres

398 1045 452 1110 vel
473 1046 674 1132 pressiones,
698 1051 731 1110 et
754 1043 873 1108 dicitur
895 1043 938 1108 ab
964 1043 1333 1131 ᾖ11111111111111111
1357 1067 1459 1130 „sco-

397 1145 474 1212 lon“
497 1150 619 1212 missio.

312 1253 446 1315 Errare
468 1273 499 1316 v.
518 1249 625 1334 culpa.

312 1357 426 1418 Error
449 1354 621 1440 qualitatis
646 1351 800 1418 dissolvit
822 1355 1064 1418 matrimonium
1086 1352 1277 1440 spirituale,
1300 1353 1365 1420 sed
1388 1375 1455 1418 non

398 1460 640 1522 matrimonium
663 1456 805 1522 carnale.
828 1457 939 1542 glad
962 1478 989 1520 c.
1014 1459 1041 1521 6.
1066 1457 1141 1522 (1111.
1164 1459 1215 1522 74.

312 1559 561 1642 Eschatologia
581 1597 622 1608 -
639 1553 679 1624 τὰ
692 1561 809 1644 ἔσχατα
832 1569 909 1625 sunt
926 1581 1025 1644 mors,
1048 1563 1260 1645 resurrectio,
1278 1559 1456 1646 judicium,

397 1667 639 1750 purgatorium,
663 1666 812 1730 infernus
835 1671 869 1728 et
890 1663 1079 1749 paradisus.
1123 1667 1239 1748 Dente,
1260 1663 1295 1728 la
1318 1685 1456 1730 comoe-

399 1767 454 1832 dia
476 1769 596 1834 divina.
640 1768 790 1834 Exstant
811 1768 1000 1853 singulares
1029 1766 1271 1854 praelectiones
1302 1767 1456 1834 Theolo-

399 1891 516 1956 gorum
538 1873 601 1936 sub
622 1875 753 1937 nomine
776 1869 1090 1956 „Eschatologiae.“
1141 1911 1145 1920 ·

315 1972 462 2038 Ethnic'a
484 2010 526 2022 -
550 1974 668 2040 ethnos
688 1977 708 2039 i.
730 1997 757 2040 e.
780 1996 872 2060 gens,
894 1973 971 2040 inde
993 1975 1127 2040 ethnica
1147 1977 1167 2038 i.
1190 1994 1217 2039 e.
1240 1972 1389 2059 gentilia.
1412 1973 1455 2057 gl.

401 2079 444 2142 ad
468 2100 494 2142 c.
519 2078 568 2142 25.
591 2078 638 2143 Χ.
662 2079 690 2140 2.
714 2080 764 2144 24.

313 2180 449 2246 Etlmici
470 2217 512 2230 -
536 2189 748 2268 opponuntur
771 2180 910 2246 Judaeis
933 2187 966 2246 ot
989 2179 1201 2247 Christianis.

311 2283 537 2351 Eucharistia
559 2284 680 2351 dicitur
703 2285 747 2350 ab
770 2306 820 2369 eo,
844 2284 934 2371 quod
957 2292 1009 2349 est
1019 2284 1142 2349 bonum
1164 2291 1199 2350 et
1211 2283 1332 2369 charis,
1358 2282 1451 2368 quod

399 2397 451 2455 est
473 2392 585 2475 gratia
606 2425 647 2434 —
671 2391 768 2474 quasi
796 2389 886 2454 bona
908 2390 1027 2472 gratia.
1056 2387 1100 2474 gl.
1122 2387 1166 2452 ad
1186 2387 1279 2452 clem.
1303 2389 1332 2452 1.
1354 2385 1398 2451 V.
1423 2387 1451 2448 7.

399 2496 547 2558 Ferraria

310 2594 569 2677 Euclrologium
591 2594 725 2678 (rituale
749 2593 970 2679 Graecorum)
993 2629 1035 2640 —
1057 2593 1207 2676 libellus,
1238 2615 1305 2679 quo
1327 2612 1447 2680 preces

398 2702 605 2764 continentur
625 2734 666 2745 —
688 2701 722 2762 in
745 2698 887 2764 ecclesia
906 2698 1067 2764 orientali.
1099 2697 1140 2763 de
1162 2697 1225 2762 bac
1254 2719 1292 2763 11
1322 2703 1449 2762 1111111
1524 2687 1525 2730 ³

402 2806 626 2881 Herpeariitber
646 2803 680 2865 in
702 2800 870 2866 Archivio'
886 2799 988 2885 (nova
1010 2801 1161 2866 collectio
1187 2798 1295 2885 1862.)
1317 2808 1401 2866 tom.
1423 2799 1448 2864 I.

311 2903 464 2986 Eulogla
487 2904 681 2969 dicebantur
704 2903 781 2968 olim
803 2903 1006 2988 munuscula,
1031 2903 1152 2990 quibus
1183 2906 1373 2990 superiores
1406 2901 1447 2965 ab

401 2994 613 3073 inferioribus
638 3007 842 3091 colebantur,
865 3014 935 3072 tum
957 3010 1058 3072 etiam
1080 3015 1201 3094 postea
1212 3007 1323 3072 frusta
1345 3007 1442 3093 panis

403 3131 490 3197 quae
502 3118 580 3197 post
588 3114 722 3176 missam
730 3113 780 3195 iis,
794 3113 1266 3196 quinoncommunioaverant,
1279 3110 1446 3174 dabantur

395 3213 451 3279 vel
467 3214 588 3280 dicitur
607 3213 648 3279 de
663 3215 899 3300 superstitibus
914 3213 1029 3301 populi
1052 3213 1096 3278 ad
1112 3213 1349 3279 eucharistiam
1361 3232 1442 3276 con·
1523 3201 1524 3226 ³

396 3317 593 3382 sacrandam
624 3317 865 3402 oblationibus,
895 3317 950 3382 vel
976 3317 1018 3382 de
1046 3316 1183 3402 parochi
1211 3318 1317 3403 ipsius
1346 3335 1441 3402 pane

398 3424 586 3486 Thomossin.
607 3422 632 3487 Ι.
655 3421 711 3487 lib.
734 3424 763 3486 2.
786 3442 813 3486 1.
837 3421 886 3486 23.
909 3440 957 3483 nr.
980 3419 1009 3484 5.
1033 3422 1062 3484 6.
1086 3421 1115 3485 7.

309 3523 482 3590 Eunuchi.
505 3545 601 3590 nemo
615 3525 854 3590 abscissionem
875 3531 990 3610 potest
1011 3525 1044 3587 iu
1074 3543 1111 3588 se
1140 3523 1353 3610 permittere,
1382 3521 1445 3585 nisi
1522 3565 1523 3568 ,

395 3629 600 3694 ex'consilio
631 3627 750 3693 medici
772 3629 816 3692 ad
839 3628 1038 3693 servandam
1059 3630 1172 3692 vitam.
1193 3630 1278 3691 Far.

309 3732 516 3818 Eutrapelia
540 3730 744 3817 (urbanitas)
768 3720 1043 3816 εὐτράπελος,
1072 3733 1130 3817 qui
1151 3751 1212 3796 sua
1233 3729 1338 3796 verba
1361 3729 1444 3793 11111

393 3845 526 3902 vertere
541 3841 665 3921 potest,
687 3838 886 3920 praesertim
897 3837 931 3898 in
952 3835 1049 3918 ludis,
1062 3835 1229 3899 -ludum
1250 3855 1317 3898 non
1337 3832 1444 3896 solum

396 3938 493 4024 culpa
523 3959 653 4024 carere,
692 3959 809 4003 verum
840 3941 939 4004 etiam
976 3938 1021 4002 ad
1049 3941 1208 4002 virtutem
1239 3935 1444 4021 eutrapeliae
1521 3979 1522 3986 .

395 4045 578 4127 pertinere:
612 4045 646 4108 iu
676 4041 909 4109 ecclesiasticis
931 4041 1030 4108 facile
1050 4045 1085 4106 in
1105 4045 1221 4108 vitium
1253 4040 1443 4126 degenerat.
1521 4033 1522 4040 '

394 4148 507 4210 Beaed.
529 4143 626 4212 XIV.
650 4147 680 4212 d.
704 4169 730 4212 s.
753 4147 784 4212 d.
806 4146 861 4212 lib.
886 4148 935 4211 11.
960 4168 987 4214 1.
1012 4146 1057 4212 11.
1081 4144 1108 4232 ἐ
1131 4146 1160 4212 5.
1188 4145 1286 4211 XIV.
1310 4143 1340 4208 d.
1364 4140 1443 4210 1.(1.

392 4247 449 4312 11.
473 4250 523 4314 10.
546 4271 572 4315 0.
596 4253 624 4315 a.
648 4249 674 4336 5.
695 4252 724 4316 3.
1246 4297 1249 4306 .

298 4341 478 4438 ἐὐχτήριον
499 4356 519 4418 1.
542 4375 570 4420 1.
593 4357 784 4441 oratorium,
807 4359 848 4418 da
870 4357 991 4420 Fresae.
