3088 5140
451 1273 487 1403 J
488 1307 556 1406 ns
601 1270 934 1408 danencurt

108 1499 288 1610 quomodo
315 1519 357 1591 sit
375 1526 548 1590 tractatum
565 1519 598 1590 in
615 1517 785 1590 literarum
811 1517 944 1594 sedibus
972 1515 1176 1595 Germanicis
1195 1540 1257 1618 per

262 1637 406 1710 medinm
432 1660 554 1710 aevum
581 1660 686 1732 usque
712 1639 755 1712 ad
780 1649 927 1714 nostram
954 1649 1106 1717 aetatem.

611 1839 764 1852 -ι-ι-ι

207 1993 310 2075 Rem,
345 1992 387 2058 de
420 2013 487 2080 qua
517 1993 667 2060 dicturus
698 2015 788 2078 sum,
816 2013 912 2060 nemo
945 1999 1062 2080 nescit,
1085 2015 1106 2062 a
1129 1995 1255 2065 doctis·

113 2100 204 2162 simo
227 2105 261 2160 et
289 2095 512 2163 illustrissimo
536 2095 696 2182 Saviguio
719 2118 806 2163 nunc
836 2099 891 2184 pie
915 2097 1071 2165 defuncto
1093 2101 1127 2163 in
1150 2119 1254 2186 opere

115 2199 335 2266 celeberrimo
365 2198 526 2266 historiae
553 2201 638 2286 juris
661 2200 805 2266 Romani
834 2199 933 2266 medii
961 2203 1036 2268 aevi
1057 2199 1147 2266 felici
1175 2222 1255 2271 suc-

115 2323 217 2369 cessu
238 2309 419 2370 tractatam
441 2323 527 2386 cese,
550 2303 641 2389 qu'od
663 2305 784 2371 attinet
805 2304 849 2370 nd
870 2303 990 2370 Italiae
1009 2313 1044 2370 at
1066 2303 1198 2374 Galbae
1221 2313 1255 2374 et

113 2407 359 2494 Hispaniarum
391 2406 655 2489 Universitates‚
698 2413 800 2494 atque
841 2406 1069 2475 doctissimum
1120 2429 1254 2494 quoque

113 2509 374 2576 Thomaesinum
397 2509 562 2596 quaedam
585 2530 629 2578 ex
647 2509 724 2595 jure
737 2507 906 2576 Canonico
930 2509 1125 2576 dePolonia
1146 2532 1255 2597 expo-

114 2611 285 2700 suisset)
308 2611 369 2678 sed
385 2611 591 2680 celeberrimi
611 2612 741 2698 hijuris
757 2613 900 2678 Romani
922 2620 956 2678 ct
972 2610 1131 2680 Canonici
1152 2633 1255 2700 pree-

114 2723 272 2803 ceptores
294 2723 484 2782 nostrerum
507 2715 709 2783 Germaniae
727 2715 993 2782 Univereitatum
1014 2715 1127 2782 studia
1147 2719 1253 2783 minus
1316 2707 1318 2720 ’

113 2826 350 2905 respexerunt.
401 2819 521 2904 Itaque
557 2818 648 2885 haud
678 2821 747 2884 scio
778 2840 821 2884 an
849 2821 923 2906 ipse
952 2838 1076 2904 operae
1109 2822 1254 2906 pretium

113 2923 267 2989 facturus
291 2924 370 3007 sim,
405 2925 435 2988 si
457 2920 499 2987 de
521 2921 573 2986 his
603 2920 722 2988 studiis
745 2921 903 2988 nonnulla
929 2923 963 2986 in
995 2921 1139 2988 medium
1173 2944 1255 3009 pro·

111 3026 232 3110 feram,
255 3046 342 3112 quae
365 3045 384 3090 e
404 3025 498 3090 libris
520 3022 593 3092 MS.
616 3027 824 3110 potissimum
845 3023 945 3090 ducta
965 3024 1104 3090 necdum
1120 3028 1254 3110 cognita

81 3169 86 3173 -
114 3128 160 3192 ad
183 3132 423 3197 accuratiorem
444 3128 709 3195 Universitatum
731 3134 766 3193 et
786 3126 973 3193 studiorum
994 3129 1029 3190 in
1050 3126 1102 3192 hie
1123 3134 1253 3192 tracte-

111 3239 224 3296 torum
246 3233 467 3317 cognitionem
488 3230 635 3296 nonnihil
655 3231 769 3296 iacere
791 3250 892 3316 posse
913 3228 1097 3297 videantur.

202 3333 322 3400 Studia
344 3334 524 3418 generalia,
546 3352 635 3420 quoe
656 3340 735 3398 tunc
756 3333 917 3418 temporis
939 3330 1103 3416 dicuntur,
1124 3333 1253 3398 institui

112 3458 181 3502 non
202 3444 368 3524 poterant,
390 3438 454 3504 nisi
476 3457 512 3503 re
527 3435 571 3500 ad
585 3436 781 3502 Pontificem
796 3437 976 3500 maximum
999 3433 1112 3500 delate
1133 3441 1252 3504 etcum

110 3540 179 3605 hoc
199 3547 362 3606 tractata:
392 3539 434 3604 ab
457 3539 557 3625 hujus
581 3541 667 3606 enim
696 3537 942 3625 approbatione
970 3538 1162 3625 pendebant
1182 3545 1252 3604 tam

111 3650 205 3709 artes
226 3641 383 3711 liberales
406 3664 506 3730 quem
526 3645 631 3730 ipsius
653 3641 844 3728 theologiae
866 3641 989 3724 studia,
1013 3641 1107 3726 cujus
1131 3641 1251 3708 docto·

109 3767 166 3812 res
187 3753 361 3832 tamquam
382 3748 534 3832 magistri
556 3750 677 3814 artium
698 3745 855 3832 agebant.
898 3743 992 3811 Idem
1013 3744 1086 3809 fere
1109 3743 1252 3810 obtinuit

108 3851 145 3914 in
163 3848 438 3936 jurisprudentia,
461 3869 535 3914 cum
558 3849 714 3932 doctores
738 3849 945 3916 decretorum
966 3847 1168 3912 haberentur
1188 3867 1251 3933 pro

109 3950 303 4036 theologiae
326 3959 487 4018 externae
516 3955 704 4038 magistrie5
733 3951 821 4017 unde
850 3952 978 4016 factum
1009 3956 1077 4034 eet,
1106 3957 1144 4014 ut
1171 3947 1251 4016 Cle·

109 4074 204 4121 mens
226 4053 284 4120 VI.
306 4057 340 4119 in
361 4054 453 4120 bulla
470 4057 559 4120 sexti
574 4053 728 4121 «Ianuarii
750 4056 827 4120 enni
841 4053 1004 4120 millesimi
1026 4055 1251 4121 trecentesimi

180 4295 211 4363 a)
231 4298 357 4367 Glemona
375 4300 500 4366 pontifex
517 4299 551 4350 V.
570 4296 603 4350 de
621 4297 721 4351 studita
744 4299 914 4366 generalibus
932 4301 960 4350 in
977 4298 1045 4350 urbe
1063 4295 1174 4362 Romae,
1191 4295 1249 4348 Bo·

105 4388 215 4452 neniae,
234 4383 423 4453 balanorum,
443 4385 594 4442 oxoniensi
610 4389 710 4439 tractat
727 4384 810 4440 Olem.
821 4387 844 4438 1’.
862 4385 896 4438 V.
915 4387 939 4437 1.
1125 4467 1146 4532 3

1105 4469 1122 4532 1
