3108 5138
758 385 975 454 ...32-

387 578 540 646 quaeque
562 557 674 624 divina
695 559 770 645 lege
792 562 944 626 instituta
966 565 1027 624 est.
1057 555 1183 624 Eorum
1201 555 1291 642 jura,
1314 555 1441 638 officia,

387 667 457 728 vita
480 671 514 730 et
535 662 709 742 honestae,
732 665 835 728 vestis
866 672 898 728 et
919 670 1067 728 tonsura.
1112 659 1236 726 Clerici
1257 661 1442 746 conjugati.

387 764 579 832 Coelibatus
603 765 774 831 ordinibus
797 767 902 832 sacris
915 787 1075 850 annexus,
1097 771 1209 831 utrum
1230 785 1274 830 ex
1296 763 1372 850 lege
1393 783 1443 827 an

387 891 430 936 ex
459 877 549 935 voto.
593 872 703 932 Deuca·
729 871 846 936 institi.
880 869 931 936 ed.
961 872 1061 937 Gond.
1083 891 1115 956 p.
1139 870 1211 934 136.
1255 866 1441 934 Orientalis

386 980 419 1039 et
431 971 654 1038 Occidentalis
674 973 835 1039 ecclesiae
847 973 1030 1059 disciplina,
1053 971 1258 1038 Clericorum
1270 971 1313 1036 de
1329 971 1452 1057 gradu*

388 1075 529 1162 dejectio
553 1085 586 1142 et
607 1077 651 1140 ad
671 1076 790 1140 laicam
804 1076 858 1141 vel
880 1079 1154 1162 peregrinam
1177 1078 1442 1141 communionem

392 1178 550 1244 redactio.
573 1177 619 1262 (v.
643 1177 849 1263 communio).
883 1177 959 1244 Vid.
982 1179 1179 1246 hierarchia.

308 1282 480 1364 Clinicus,
510 1285 567 1370 qui
597 1283 798 1348 christianae
833 1281 911 1348 fidei
939 1282 1092 1348 addictus
1126 1283 1369 1348 confessionem
1405 1287 1443 1345 et

386 1388 587 1473 baptismum
608 1407 715 1472 usque
737 1385 789 1450 ad.
804 1385 926 1450 altiora
947 1393 1100 1472 tempora
1127 1384 1312 1472 suspendit.
1356 1383 1442 1444 Tho-

387 1512 475 1554 mosa
498 1513 524 1556 s.
546 1513 576 1554 v.
599 1490 744 1555 clinicus.
789 1487 825 1553 Si
847 1488 982 1554 clinicus
1005 1471 1442 1570 eratostheohumenus,'et

390 1601 497 1684 morte
520 1600 694 1680 correptus
712 1591 923 1658 solummodo
936 1593 1023 1678 aqui
1038 1591 1230 1679 baptismali
1244 1590 1441 1657 sublevatus

388 1703 468 1762 erat
513 1694 613 1761 Conc.
640 1697 966 1762 Neocaesar.o.12.
996 1731 1036 1744 -
1066 1695 1319 1782 Baptismus
1343 1690 1442 1756 clini-

387 1815 523 1864 corum.
539 1797 640 1864 Ocno.
657 1798 794 1865 Laudic.
818 1821 845 1864 o.
860 1801 911 1864 47.
933 1799 987 1865 De
1002 1799 1169 1886 baptismo
1185 1819 1248 1884 pro
1264 1796 1442 1862 defunctis.

303 1903 503 1982 (ioadjutor
526 1905 684 1990 episcopi,
707 1902 806 1968 modo
819 1923 893 1968 oum
915 1906 1124 1970 successione
1145 1901 1245 1968 modo
1268 1903 1340 1967 sine
1361 1921 1443 1965 suc-

389 2009 548 2072 cessione.
579 2003 678 2070 Sunt
691 2011 817 2072 'revera
837 2009 995 2093 episcopi,
1018 2006 1079 2072 scd
1096 2009 1130 2070 in
1145 2005 1298 2093 partibus
1319 2002 1443 2068 inlide-

388 2109 475 2174 lium.
528 2108 606 2174 Jam
627 2112 661 2172 in
682 2109 828 2173 Decreta
862 2108 1017 2175 Gratiani
1047 2111 1263 2174 constitutum
1291 2117 1361 2191 est,
1397 2125 1442 2169 ne

387 2215 520 2278 vivente
541 2215 701 2300 episcopo
716 2211 798 2277 alius
814 2215 995 2300 superponi
1016 2221 1074 2278 aut
1087 2211 1337 2298 superordinari
1357 2229 1443 2296 pos-

386 2319 447 2398 sit,
477 2319 526 2380 uti
555 2318 655 2381 etiam
684 2318 719 2379 in
741 2317 879 2382 concilio
903 2317 993 2403 apud
1014 2316 1196 2382 Averniam
1219 2314 1389 2380 celebrato
1413 2333 1441 2375 c.

391 2419 440 2484 13.
458 2421 507 2482 14.
532 2417 568 2484 O.
585 2418 659 2484 VH.
683 2441 737 2504 qu.
754 2421 781 2482 1.
805 2420 847 2484 cf.
870 2441 897 2484 c.
911 2421 959 2483 11.
978 2421 1026 2484 18.
1050 2419 1123 2485 eod.
1146 2441 1173 2486 c.
1190 2419 1220 2484 3.
1241 2418 1288 2483 X.
1312 2417 1354 2481 de
1370 2414 1443 2480 cle-

388 2525 457 2588 rico
473 2530 598 2608 aegrot.
629 2520 814 2607 Coadjutor
826 2521 923 2587 detur
942 2530 1081 2610 propter
1088 2524 1311 2608 suspicionem
1318 2518 1443 2604 dilapi-

390 2623 534 2689 dationis
552 2624 607 2689 vel
621 2631 761 2711 propter
771 2626 996 2690 infirmitatem
1007 2625 1062 2690 vel
1072 2633 1279 2692 senectutem
1291 2623 1443 2709 episcopi

390 2725 480 2811 glad
502 2727 594 2794 o37.
617 2727 664 2792 X.
686 2727 711 2792 I.
734 2729 785 2794 29.
808 2729 851 2814 gl.
876 2728 919 2792 ad
940 2750 969 2793 c.
993 2751 1045 2795 un.
1069 2733 1105 2793 in
1126 2727 1198 2794 Vll.
1221 2727 1280 2793 111.
1303 2725 1333 2790 5.
1362 2725 1442 2789 Mos

323 2909 325 2914 Ι
389 2837 473 2911 erat,
495 2851 604 2916 nequa
619 2831 846 2916 coadjutorem
868 2852 977 2918 neque
998 2834 1159 2898 vicarium
1183 2827 1373 2916 generalem
1395 2849 1443 2892 ex

391 2931 518 2996 clericis
549 2933 755 2999 dioecesanis
786 2935 927 3020 eligere,
960 2938 1009 3000 uti
1038 2938 1073 2998 in
1103 2933 1294 2998 civitatibus
1321 2930 1442 2998 Italiae

390 3038 490 3100 etiam
510 3044 657 3102 rectores
686 3037 875 3103 saeculares
909 3059 953 3103 cx
982 3040 1167 3125 peregrinis
1196 3039 1324 3122 recepti
1352 3042 1440 3100 sunt

390 3142 477 3222 Moy,
509 3139 672 3225 ephemsr.
709 3149 787 3206 tom.
809 3139 876 3206 IV.
898 3162 930 3227 p.
952 3141 1032 3226 lauf
1068 3141 1201 3208 Nostris
1234 3138 1440 3226 temporibus

388 3244 615 3310 tantummodo
644 3247 678 3310 in
700 3244 880 3312 Germania
903 3246 1025 3310 dantur
1048 3245 1260 3331 coadjutores
1283 3263 1357 3308 cum
1378 3261 1442 3326 spe

390 3347 588 3413 succedendi
610 3351 742 3411 Bianote‘
753 3348 842 3414 della
864 3348 957 3435 polit.
979 3355 1057 3414 tom.
1080 3348 1121 3413 V.
1143 3371 1174 3434 p.
1187 3347 1265 3413 512.
1308 3348 1442 3425 Fapna-
1464 3328 1480 3341 ⁵

337 3493 351 3523 .
390 3471 448 3515 nas
469 3450 514 3514 ad
536 3453 564 3514 2.
585 3451 633 3516 Χ.
655 3451 712 3516 ΠΙ.
735 3453 766 3518 8.

308 3550 498 3623 codicillus
520 3589 562 3602 -
581 3555 667 3640 juris
690 3558 840 3622 canonici
855 3559 952 3642 quasi
968 3563 1201 3622 testamentum
1217 3561 1279 3639 est,
1302 3554 1445 3638 ejusque

394 3667 555 3724 executor
576 3661 623 3722 ita
646 3661 845 3742 instituitur,
868 3668 906 3724 ut
927 3659 1081 3724 voluntas
1110 3660 1267 3725 testantis
1296 3659 1331 3721 in
1351 3653 1442 3719 illius

393 3761 531 3829 arbitrio
554 3764 701 3848 reposita
724 3765 777 3845 eit,
802 3783 828 3826 o.
853 3757 903 3826 13.
924 3761 971 3826 X.
995 3769 1125 3827 tesiam,
1150 3761 1209 3826 ΠΙ.
1232 3756 1444 3824 2281111311-

392 3866 540 3930 tutiones
570 3866 821 3930 conservandae
843 3873 920 3930 sunt
942 3865 997 3931 vel
1017 3875 1178 3951 tanquam
1205 3863 1444 3930 fideicommis-

393 3969 518 4052 sariae,
549 3968 604 4032 vel
635 3969 801 4053 directae,
832 3975 866 4034 ot
898 3991 960 4056 pro
990 3969 1122 4036 directis
1163 3961 1444 4055 praesumendum

393 4076 455 4136 ost.
468 4092 493 4134 o.
519 4073 547 4138 1.
569 4074 604 4136 in
625 4071 697 4138 vil.
719 4066 778 4138 111.
803 4074 851 4136 11.

306 4167 520 4256 coelibatus,
544 4175 616 4260 ejus
638 4175 778 4241 historia
801 4197 853 4262 ap.
878 4179 1063 4242 Ttomoesin.
1083 4177 1109 4244 I:
1130 4176 1185 4242 lib.
1209 4178 1238 4240 2.
1259 4197 1289 4242 c.
1313 4177 1443 4240 60-66

393 4276 427 4342 Is
450 4277 638 4362 *observem
677 4277 844 4344 Christum
866 4281 971 4346 fuisse
1004 4283 1226 4345 institutorem
1257 4278 1442 4344 cochbatus

340 4423 344 4432 ·
393 4387 434 4450 et·
463 4389 542 4449 sunt
574 4382 646 4467 jam
680 4382 784 4469 latae
805 4383 899 4470 leges
936 4384 980 4449 ab
1008 4383 1274 4470 apostolis:.--¹
1294 4381 1442 4468 danique
