3108 5138
329 537 333 544 '
387 531 440 598 ita
462 529 732 620 percardinales
755 523 856 598 debet
876 533 911 596 in
933 528 1076 598 ecclesia
1090 531 1170 616 regi
1199 531 1353 599 officinm.
1398 534 1452 620 g'i.

387 637 487 702 ade.
510 637 538 700 2.
555 635 608 701 X.
630 634 655 701 Ι.
678 635 729 700 24.

302 739 505 806 mbram
527 759 627 804 sensu
648 741 795 826 proprio.
839 736 931 805 Olim'
950 737 1092 825 quilibet
1115 741 1293 826 episcopus
1308 748 1344 806 et
1367 746 1452 828 qui-

389 843 672 930 libet‘presbyter
694 843 749 908 vel
770 844 947 926 diaconus,
979 845 1036 929 qui
1057 854 1123 906 non
1145 841 1190 906 ad
1214 847 1350 930 'tempus
1381 845 1451 910 sed

382 955 571 1035 'perpetius
594 954 628 1012 et
650 945 795 1011 titularis
816 945 1082 1011 constituebatur
1103 979 1145 992 -
1166 945 1271 1011 tiebat
1285 947 1451 1013 cardina-

391 1050 433 1116 lis
455 1053 476 1114 i
496 1070 526 1115 e.
547 1049 703 1114 tiarlaris.
747 1049 933 1144 posteriori
963 1056 1115 1135 tempore
1135 1049 1327 1116 ambiebant
1350 1053 1450 1137 epis-

394 1155 470 1240 copi
490 1151 633 1237 gradum
657 1159 691 1216 et
724 1150 921 1237 dignitatern
949 1151 1225 1238 presbyterorum
1259 1159 1293 1217 et
1324 1153 1447 1219 diaco-

390 1277 506 1320 norum
529 1255 687 1322 ecclesiae
709 1254 882 1320 Romanae
905 1253 1129 1339 cardinalium,
1152 1258 1232 1341 qrria
1252 1270 1356 1342 penas
1380 1277 1443 1323 ecs

389 1365 464 1424 erat
497 1358 615 1424 eiecto
642 1358 814 1424 Pontificis
850 1359 977 1424 summi.
1028 1361 1217 1423 nmen.
1254 1380 1280 1424 s.
1302 1381 1334 1424 v.
1356 1357 1448 1426 Car-

302 1567 487 1632 (11111111
510 1564 833 1651 apceaainpaue
855 1571 1002 1651 etoqua
1023 1585 1051 1632 c
1074 1565 1104 1630 8.
1122 1563 1171 1632 X.
1192 1563 1235 1630 V.
1257 1567 1287 1631 1.

306 1667 471 1733 Gerontia
493 1671 648 1730 Noitenias
669 1667 736 1732 lex.
760 1667 923 1732 antibarb.
946 1665 1065 1733 Venet.
1089 1667 1182 1734 1453.
1205 1687 1238 1754 p.
1261 1668 1332 1734 138.

303 1769 451 1851 carna,
470 1771 632 1856 jejunium
654 1773 697 1836 40
718 1769 844 1836 dierum
866 1778 944 1836 ante
966 1769 1171 1856 paschatarn.

308 1872 560 1940 caritativumz
582 1877 690 1936 Devott
704 1875 821 1938 institt.
845 1873 887 1938 de
909 1873 1062 1940 censibus
1079 1870 1107 1958 ἓ.
1127 1875 1159 1938 4.
1180 1873 1448 1941 111111111οά11-

392 1979 494 2041 ticum
514 1974 544 2061 §.
567 1976 598 2060 3,
621 1983 655 2041 et
676 1997 704 2043 s.
725 1999 758 2041 v.
780 1975 965 2042 cathetrad.

306 2078 533 2148 (iar'uibiitaer
561 2079 644 2146 ordo
666 2079 842 2166 religiosus
864 2109 907 2128 -
930 2100 1044 2148 eorum
1067 2083 1212 2167 origines
1233 2083 1388 2148 manas.
1411 2085 1449 2146 in

380 2183 507 2249 indice.

298 2287 470 2354 ‘carnaiis
486 2286 617 2371 copula
633 2318 674 2334 -·-
689 2287 825 2374 probari
846 2294 959 2374 potest
980 2307 1042 2374 per
1063 2286 1244 2353 violentam
1260 2291 1448 2374 praesum-
1547 2347 1548 2358 a

388 2394 512 2457 tionem
535 2412 561 2456 c.
585 2392 634 2456 11.
659 2391 708 2455 12.
731 2390 779 2455 Χ.
801 2389 843 2455 IL
866 2391 917 2455 23.
939 2392 1204 2476 praesumtiones
1229 2390 1307 2475 jaro
1335 2411 1442 2456 canc·

387 2497 463 2560 nicb
482 2504 551 2560 uon
572 2493 719 2580 probant
737 2502 847 2579 neque
867 2493 1034 2558 violentae
1048 2495 1208 2580 exceptis
1240 2493 1442 2580 qm‘trrriam

390 2594 534 2663 casibus.
1031 2619 1039 2632 ·

304 2701 500 2766 Carucvale
522 2733 564 2746 -
587 2698 850 2786 carnisprivium,
872 2721 938 2786 quo
957 2699 1122 2766 vocabulo
1144 2719 1223 2787 non
1237 2720 1316 2766 rare
1334 2707 1444 2767 utun·
1546 2715 1547 2718 ’

383 2811 443 2868 'aar
459 2802 594 2867 mediae
614 2805 736 2868 aetatis
749 2806 942 2889 scriptores,
965 2811 1003 2868 ut
1024 2803 1202 2890 designent
1223 2811 1355 2890 tempas
1377 2804 1445 2869 bas

390 2901 595 2989 cheretim,
631 2907 786 2991 quoniam
816 2913 896 2971 tunc
929 2904 1110 2971 Christiani
1140 2901 1295 2972 corbibus
1323 2910 1445 2993 priva-

391 3005 522 3074 bantur.
1279 2999 1290 3026 '
1545 3061 1546 3064 ,

297 3111 578 3198 fflrrripriviunn
599 3119 742 3200 tempus,
766 3132 831 3198 quo
863 3111 1017 3178 cornibus
1040 3115 1167 3200 privari
1190 3120 1224 3178 et
1244 3113 1289 3178 ab
1312 3113 1353 3179 iis
1376 3112 1443 3178 ab·

388 3212 513 3282 etinbre
534 3219 694 3302 incipiunt
706 3215 834 3281 fideles.
856 3219 897 3278 du
910 3218 1029 3279 iberae.

304 3319 588 3404 carnisprivium
611 3355 652 3366 -
675 3320 763 3386 unde
785 3320 889 3386 laicus
911 3323 945 3384 in
967 3317 1185 3406 carnisprivio
1219 3322 1253 3385 in
1274 3321 1363 3386 festo
1384 3339 1444 3384 re-
1544 3335 1545 3344 ³

389 3427 606 3490 surrectionis
627 3425 806 3511 presbyter
827 3444 902 3490 esse
923 3432 1050 3510 posset.
1070 3424 1117 3510 gl.
1131 3421 1177 3488 ad
1199 3424 1292 3490 clem.
1313 3425 1343 3488 3.
1359 3423 1390 3490 -L
1414 3423 1445 3487 8.

299 3520 496 3592 cantans
519 3524 639 3592 Codex
652 3527 760 3592 editus
784 3535 836 3592 est
858 3526 1017 3604 coenato,
1030 3529 1210 3592 novissima
1222 3525 1327 3592 editio
1349 3526 1446 3610 Mig-
1543 3599 1544 3604 ἵ

388 3633 442 3695 nei
464 3649 541 3717 opp.
563 3637 587 3694 t.
600 3629 669 3713 98.3
693 3629 784 3715 quod
798 3645 881 3694 vero
894 3631 1015 3695 attinet
1036 3631 1079 3695 ad
1092 3633 1197 3717 ipsius
1219 3631 1292 3694 iata
1315 3637 1349 3696 st
1370 3625 1445 3695 MS.
1543 3641 1544 3660 ³

390 3759 431 3780 -’-
448 3736 623 3820 respicere
647 3732 736 3797 'velis
759 3731 926 3799 Analecta
952 3735 1038 3820 juris
1068 3733 1227 3821 pontificii
1256 3732 1445 3799 cnaibme

392 3836 563 3902 nnatson.
1542 3903 1543 3920 ἶ

305 3939 701 4024 corprnansrpdversac
731 3942 838 4026 partis
867 3945 962 4009 Rern.
991 3946 1070 4020 Pap.
1092 3941 1133 4007 V.
1157 3942 1186 4006 7.
1208 3938 1237 4026 ἓ.
1257 3941 1288 4007 b.
1311 3969 1352 3988 ω·
1373 3944 1394 4007 1.
1417 3965 1446 4008 e.
1542 3925 1543 3956 ³

381 4039 540 4109 'minister
562 4043 728 4110 adversae
749 4047 858 4131 partis
889 4067 920 4129 a,
952 4044 1131 4132 corpus“
1160 4048 1181 4110 i.
1211 4065 1239 4112 e.
1268 4037 1446 4129 napata,

385 4146 543 4231 junctura
565 4167 682 4212 manus
708 4167 782 4212 cum
798 4148 950 4216 brachio.

248 4335 252 4339 ῃ
300 4245 466 4318 ’01111111
488 4257 698 4316 -aratrum
720 4254 762 4314 ria
781 4251 901 4316 Factae.
923 4249 1215 4319 coemaannot.
1227 4251 1279 4318 41.
1301 4245 1346 4317 ab
1368 4249 1444 4322 cb.

388 4354 436 4427 X·
458 4353 484 4424 Ι.
505 4354 556 4423 36.
578 4353 656 4421 iude
679 4361 875 4422 carrucatae
897 4363 1019 4422 terrae.
