3080 5150
763 381 980 458 *80*

359 590 363 598 ·
396 561 608 634 Gallicorum.
630 566 672 626 du
694 565 814 629 118888.
842 585 908 629 888
930 563 1053 630 debent
1071 564 1145 629 lieri
1167 563 1289 631 clerici.
1313 585 1340 631 c.
1364 565 1456 630 unic.
1521 546 1522 629 1

394 666 522 734 181111.
544 666 603 732 111.
627 669 655 733 1.
679 667 794 752 glossa
816 665 860 732 ad
883 667 955 732 1ι.1.
1036 695 1041 711 ⁵

440 772 620 834 Gierebroctt
631 769 761 855 (Kieler
773 769 905 856 allgem.
915 769 1173 840 Monatsechrift
1186 773 1281 857 1853,
1299 769 1334 839 S.
1342 775 1390 840 20
1403 769 1454 856 ff.)

310 872 438 940 Graeci
460 895 499 941 eo
521 873 672 956 tendunt,
694 876 728 938 in
751 874 890 940 concilio
908 875 1058 940 Nicaeno
1082 875 1259 963 „filioque“
1282 897 1350 944 non
1375 895 1456 942 8888

395 977 548 1064 symbolo
569 977 792 1046 introductum
815 979 904 1042 etin
926 976 1077 1044 Concilio
1092 977 1264 1065 Ephesino
1287 1001 1366 1046 esse
1391 1001 1454 1044 ve-

395 1083 509 1165 titum,
531 1101 574 1146 ne
595 1080 805 1146 venientibus
824 1099 868 1147 ex
890 1084 1098 1168 paganismo,
1120 1081 1296 1148 Judeismo
1314 1091 1379 1148 aut
1410 1083 1454 1147 ab

394 1186 527 1251 haeresi
549 1183 616 1250 alia
627 1191 869 1272 proponeretur
890 1184 969 1250 fidei
978 1185 1145 1271 professio
1163 1193 1300 1272 praeter
1320 1187 1454 1254 Nicae-

395 1309 482 1355 nam
528 1285 596 1354 Sed
616 1287 732 1353 vrdeaa
754 1286 953 1373 filioque.
1003 1299 1008 1310 '

391 1387 672 1457 Dividuntur
662 1413 696 1456 m
719 1388 869 1458 Graecos
897 1393 1010 1458 unitos
1041 1398 1077 1457 et
1101 1394 1452 1460 888881188Βεπειὶ.

395 1490 547 1562 1111118
569 1495 700 1561 constit
728 1491 875 1560 Maiae.
897 1493 1114 1561 Exstiterunt
1137 1493 1259 1562 Graeci
1278 1497 1314 1561 18
1334 1495 1452 1578 Italia,

396 1601 475 1685 quia
496 1598 561 1664 illis
584 1605 767 1686 paruerunt
797 1597 874 1662 olim
896 1596 1021 1684 Apella
1042 1605 1078 1662 81
1100 1595 1271 1684 Calabria,
1293 1621 1320 1665 8
1340 1601 1376 1665 9
1402 1601 1452 1662 11.

394 1701 441 1767 Χ.
466 1701 508 1768 (18
538 1709 679 1789 tempor.
710 1700 851 1766 ordinate
880 1699 906 1764 Ι.
936 1701 986 1765 11.
1031 1720 1058 1766 8.
1089 1700 1139 1766 23.
1163 1696 1214 1768 X.
1238 1700 1280 1768 de
1308 1701 1451 1768 decimis

396 1804 455 1871 IIL
477 1805 529 1870 30.
573 1825 601 1871 c.
624 1807 654 1870 6.
674 1803 722 1871 X.
746 1802 788 1869 de
810 1803 903 1890 bapt
924 1801 984 1870 HL
1009 1805 1061 1868 42.

440 1907 696 1975 Graecis-Italis
736 1909 971 1993 synaxarium,
1014 1907 1160 1974 oiiioium
1197 1907 1353 1995 Gregorii
1376 1909 1451 1973 Pa-

393 2012 501 2078 lamae
530 2009 752 2078 interdictum.
794 2011 946 2081 Benedict-
976 2007 1073 2078 XIV.
1104 2012 1136 2077 d.
1158 2031 1184 2078 8.
1207 2009 1239 2080 (1.
1260 2009 1450 2098 (811189.)

392 2116 418 2182 L
440 2138 473 2202 p.
494 2115 567 2180 415.
590 2117 713 2178 Ferrea
737 2135 762 2180 8.
785 2135 884 2181 voce:
907 2109 1039 2181 Graeci.

308 2217 436 2285 Graeci
456 2227 525 2286 tres
537 2219 670 2285 ordines
682 2218 806 2284 habent
821 2218 1088 2305 presbyteratus,
1111 2217 1314 2303 diaconatus,
1335 2217 1450 2284 lecto-

293 2353 298 2368 ¹
345 2335 351 2350 ⁴
392 2331 496 2389 ratus.
538 2323 653 2388 Latini
674 2331 810 2410 septem.

308 2425 455 2494 Graecis
465 2427 634 2494 monachis
645 2427 701 2494 vel
712 2425 939 2512 Calogetis
958 2447 1025 2493 non
1042 2433 1095 2492 est
1112 2423 1349 2495 committenda
1360 2445 1448 2490 cura

393 2533 593 2610 animarum,
615 2531 679 2596 nisi
698 2531 733 2594 in
754 2546 878 2615 magna
905 2532 1109 2597 necessitate
1130 2529 1185 2597 vel
1210 2531 1304 2615 J‘neta
1330 2547 1447 2595 causa

394 2639 548 2697 Broncott
569 2655 601 2720 p.
624 2633 697 2700 294.

307 2734 487 2819 Grangiae
500 2737 719 2822 -granaria,
740 2736 906 2822 inquibus
927 2743 1133 2823 reponuntur
1147 2757 1253 2823 grana
1274 2736 1446 2820 immenti,

392 2837 651 2926 (Klosterhdie.)
670 2842 712 2902 du
733 2841 854 2902 118888.
877 2845 1057 2921 Freiburqcr
1078 2844 1219 2908 Lecteoa.

305 2942 434 3009 Gratia
452 2950 505 3008 est
521 2942 649 3008 donum
670 2941 734 3010 Dei
755 2944 861 3028 gratis
883 2941 1007 3009 homini
1029 2961 1223 3010 concessum
1249 2963 1294 3010 ex
1314 2945 1445 3008 meritis
1527 3029 1528 3036 ἵ

394 3045 535 3131 Christi,
561 3045 705 3113 reddens
738 3047 903 3112 hominem
933 3047 1007 3113 Deo
1037 3055 1170 3133 gratum
1196 3048 1254 3113 vel
1284 3065 1447 3133 capacem

392 3149 546 3221 eliciendi
567 3169 672 3238 opera
694 3149 858 3216 811888
879 3144 1030 3217 ultimum
1049 3143 1338 3238 supernaturalem
1359 3169 1446 3216 con-

392 3254 522 3321 ducent
499 3261 555 3318 tra
599 3253 678 3320 De
674 3275 748 3340 qua
780 3273 818 3320 re
851 3261 1017 3321 sectarum
1040 3245 1184 3320 studiosi
1204 3255 1291 3320 inter
1312 3271 1350 3320 88
1371 3253 1446 3319 dis-

392 3365 575 3444 captarunt.
1527 3411 1528 3414 ,

305 3459 515 3530 Gratianum
543 3463 758 3549 rescriptum.
788 3460 947 3548 eregula
968 3456 1013 3528 ad
1041 3460 1289 3548 beneplacitum
1319 3479 1444 3528 conce·
1527 3479 1528 3484 ’

390 3565 500 3631 (188118
523 3565 631 3630 durat.
675 3567 759 3630 Ferr.

306 3665 468 3734 Gratiani
488 3669 688 3734 Decretum.

347 3769 382 3856 8)
404 3763 560 3838 Diilicilis
582 3771 716 3838 videtur
738 3773 836 3858 hujus
853 3771 1056 3838 collectionis
1080 3771 1260 3837 ordinatio:
1282 3771 1326 3838 de
1346 3770 1443 3837 laicis

406 3896 540 3963 quoque
561 3897 672 3944 sermo
710 3883 772 3960 est,
796 3894 977 3962 eorumque
999 3875 1271 3962 obligationibus,
1292 3875 1443 3962 inprimis
1527 3865 1528 3912 1

406 3979 448 4044 (18
471 3980 641 4046 monacbis
665 3987 699 4046 et
719 3980 815 4046 laicis
836 3979 1079 4046 fundatoribus.
1527 4031 1528 4074 3

348 4078 387 4166 b)
412 4080 582 4169 Quidquid
602 4087 637 4148 18
657 4087 732 4171 ipso
745 4086 944 4167 continetur,
965 4091 1095 4150 tantum
1108 4085 1317 4150 auctoritatis
1328 4081 1443 4167 habet,
1527 4075 1528 4152 ἶ

327 4251 330 4262 ,
408 4194 569 4272 quantum
598 4209 643 4252 ex
672 4207 711 4254 se
739 4188 923 4273 habuisset,
961 4189 991 4254 81
1028 4201 1197 4274 nunquam
1224 4189 1260 4252 in
1289 4183 1445 4252 Gratiani
1526 4183 1528 4220 ³

149 4357 161 4376 ‚
406 4289 636 4459 collectionem
670 4294 831 4360 insertum
850 4291 973 4358 inisset
994 4292 1108 4396 Beacd.¹
1128 4289 1227 4360 XiV.
1240 4289 1310 4357 (1.8
1331 4287 1364 4355 (1.
1386 4289 1443 4355 lib.
1527 4357 1528 4412 ἢ
