3108 5138
617 341 811 405 ..7-

228 513 348 597 „esca“
372 514 490 578 scribit
512 534 622 578 acra.
655 511 731 579 Vid.
754 533 842 580 acra
887 514 1079 582 Vernacula
1101 518 1215 604 lingua
1230 530 1283 588 cst

183 683 184 688 ,
228 615 518 700 „Esch“Adelaa9‚
533 615 1282 705 hincdescenditEsohprccossiouod.Oesch-

226 721 431 806 prozcssion.
454 723 474 783 i.
497 741 524 784 e.
546 719 825 806 Flurprozession
848 741 902 785 am
923 722 1123 808 Marcustaff
1153 727 1279 804 Gaffiot,

226 822 528 912 Uutcrriehtsbuch
540 825 585 886 im
607 823 713 888 Index
736 823 932 908 (Flur-und
947 823 1277 912 Oeschprouessiou).

226 925 345 1011 Neque
360 925 402 990 de
417 925 480 990 hac
496 927 737 1011 significatione
748 928 833 1012 juris
852 928 1156 996 ecclesiastici
1171 952 1280 1018 neque

227 1029 269 1094 de
291 1048 375 1093 voce
396 1032 471 1115 ipsa
495 1027 627 1112 „Esch“
656 1033 690 1094 in
719 1051 818 1096 sensu
849 1031 1027 1096 verborum
1061 1029 1281 1102 Germanicae

226 1134 470 1218 superioris
482 1130 664 1218 quidquam
671 1134 934 1220 reperiturapud
944 1135 1134 1200 crematam.
1142 1159 1173 1202 v.
1192 1158 1279 1224 quc-

226 1257 292 1320 que
299 1237 479 1315 nacurqer
487 1239 737 1299 Kirehealeciocn
750 1260 781 1302 v.
791 1236 1278 1325 Oeschprozessiou‚Bittgang.

134 1336 322 1402 Alabastrl
342 1338 463 1402 fractio
487 1339 656 1423 significat
670 1340 854 1404 ecclesiam.
876 1341 921 1426 gl.
943 1342 988 1405 ad
1010 1363 1037 1406 c.
1054 1341 1105 1406 53.
1128 1340 1173 1408 da
1192 1362 1278 1428 pcc-

224 1444 282 1504 nit.
307 1440 383 1504 dist.
408 1443 436 1504 1.
582 1501 584 1506 ,

134 1545 229 1607 Alba
252 1551 305 1610 est
327 1541 470 1608 tunica
492 1544 579 1608 linea
602 1545 718 1610 talaris
742 1546 957 1613 sacerdotum
979 1583 1020 1594 -
1043 1567 1088 1614 ex
1109 1547 1176 1614 lino
1198 1548 1276 1614 albo

225 1647 342 1711 confici
364 1647 473 1712 debet.
518 1651 641 1712 Fer-rar.
665 1651 707 1710 ed.
733 1651 834 1712 Coria

138 1748 353 1835 Albergaria
376 1753 396 1812 i.
419 1771 446 1814 e.
469 1771 520 1814 ex
533 1753 648 1815 actio
671 1772 733 1837 pro
756 1751 923 1816 advocato
945 1751 999 1816 vel
1013 1753 1276 1837 patrouoeccle-

228 1857 315 1925 siae,
339 1853 432 1937 cujus
456 1856 589 1938 specics
609 1862 686 1918 sunt
708 1855 859 1937 fodrum,
882 1857 1021 1940 regium,
1051 1854 1276 1940 horibergium

227 1955 393 2039 (Herbary)
416 1960 457 2017 du
480 1961 588 2019 aretae
610 1979 635 2020 s.
659 1979 689 2021 v.
712 1957 944 2044 heribergium.

134 2049 275 2124 nana:
303 2061 333 2122 si
355 2059 461 2123 alecia
483 2067 594 2124 torrae
617 2081 654 2124 se
676 2061 918 2144 inclinaverint,
940 2063 960 2126 i.
979 2082 1006 2125 e.
1028 2065 1058 2126 si
1072 2064 1183 2148 pisces
1204 2063 1225 2125 i.
1247 2081 1275 2126 c.

223 2162 329 2226 aleoia
351 2169 464 2226 terrae
486 2183 523 2226 se
544 2162 776 2228 inclinaverint
799 2200 839 2209 -—
865 2185 931 2250 quo
954 2172 1104 2250 temporo
1132 2165 1274 2249 piscatio

224 2265 341 2330 diebus
364 2266 497 2330 festivis
520 2286 563 2330 cx
595 2266 802 2352 indulgentia
831 2270 999 2330 Alexandri
1019 2266 1077 2332 III.
1106 2265 1274 2352 prohibita

86 2371 92 2376 ’
222 2391 288 2434 uon
310 2376 371 2433 est.
396 2370 547 2431 Gonaotes
571 2369 665 2430 Teura
687 2370 731 2432 ad
754 2391 780 2434 o.
803 2370 833 2432 3.
855 2369 902 2435 X.
926 2368 1207 2434 ceferinus.

130 2470 309 2538 Alienatlo
331 2491 442 2535 rerum
457 2471 770 2554 ecclesiasticarum,
793 2472 865 2557 ejus
881 2471 1111 2553 solennitates,
1133 2471 1274 2556 ejusque

225 2576 374 2640 historia.
404 2574 448 2659 gl.
472 2574 515 2639 ad
538 2595 592 2659 qu.
605 2576 645 2649 2.
668 2572 707 2639 C.
728 2574 809 2640 XII.
833 2574 927 2660 (tuuc
949 2571 1136 2660 quaeritur)
1160 2573 1204 2659 gl.
1227 2573 1272 2638 ad

225 2699 252 2742 c.
275 2678 325 2742 50.
349 2677 400 2740 51.
421 2699 474 2762 qu.
498 2678 527 2740 2.
550 2697 639 2742 caus.
659 2677 740 2742 XII.
765 2684 895 2742 extrav.
926 2697 1040 2742 comm.
1062 2675 1119 2742 lib.
1141 2675 1200 2742 HL
1222 2679 1272 2740 tit.

221 2783 263 2847 Π.
286 2778 540 2864 ‚‚Ambiticsae“
562 2778 664 2846 Clom.
686 2781 742 2844 lib.
764 2780 823 2846 ΙΠ.
846 2783 896 2846 tit.
918 2783 948 2844 4.
981 2784 1092 2846 Devctr'
1114 2779 1272 2846 derebus

222 2884 384 2950 ecclcsiae
405 2905 472 2948 non
494 2883 677 2948 alienandis
698 2885 733 2947 in
754 2883 876 2948 instita
894 2885 959 2969 jur.
982 2904 1052 2948 cau.

131 2988 247 3054 Aliud
266 2995 318 3052 cst
341 2989 465 3050 crimen
486 2989 714 3070 notorium,
739 2985 829 3050 aliud
852 2993 904 3051 est
927 2985 1150 3052 occultum.
1185 2985 1273 3050 No-

220 3094 379 3156 torium
401 3097 463 3170 cst,
487 3090 618 3176 dequo
641 3090 821 3175 presbyter
845 3091 1001 3154 canonice
1024 3088 1271 3170 condemnetur,

222 3194 453 3275 occultunt,
486 3192 576 3278 quod
606 3193 649 3256 ab
677 3192 819 3257 ecclesia
847 3192 1021 3258 toleratur.
1050 3191 1094 3278 gl.
1117 3191 1162 3256 ad
1193 3213 1219 3256 c.
1243 3194 1271 3256 7.

220 3297 268 3362 Χ.
290 3294 349 3362 ΠΙ.
374 3299 402 3360 a.

129 3399 287 3478 Alleluia
311 3435 352 3446 -
373 3399 573 3464 vocabulum
594 3403 628 3463 in
650 3399 797 3484 linguam
813 3399 950 3464 latinam
971 3399 1099 3464 illatum
1122 3399 1164 3464 ab
1186 3399 1271 3465 Hie·

219 3521 358 3587 ronyrno
390 3523 434 3566 cx
464 3503 606 3568 ccclesia
644 3502 948 3586 hierosolymitana.
1002 3505 1155 3566 rtomsa
1186 3501 1210 3567 Ι.
1241 3503 1269 3565 2.

221 3628 247 3670 c.
278 3608 329 3669 77.
359 3605 418 3670 Nr.
442 3607 470 3669 8.
522 3605 656 3689 Kyrie
687 3605 859 3670 eleison
888 3625 931 3669 ex
963 3604 1105 3670 ecclesia
1133 3623 1266 3689 graeca.

215 3707 429 3794 (Alleluja
449 3729 554 3773 novus
578 3709 737 3774 articulus
759 3707 893 3772 incdit.
919 3705 1104 3792 Catinensi.)

131 3811 295 3877 Almucia
317 3847 358 3860 -
382 3811 545 3878 claricalis
568 3815 610 3874 da
631 3816 741 3875 Fram
763 3835 794 3876 v.
816 3811 1012 3877 Almucium.

130 3917 255 3981 Altaro
274 3913 537 4000 privilegiatum
557 3935 620 4002 pro
641 3916 847 4003 indulgentia
868 3918 956 3980 vivis
975 3923 1008 3981 et
1025 3917 1164 3984 mortuis
1188 3936 1270 3980 oon-

218 4039 323 4085 oessa.
347 4041 377 4082 v.
400 4021 540 4082 Ferraria
563 4026 597 4084 et
618 4022 715 4082 Neter
733 4019 840 4086 altare
868 4018 1124 4105 privilegiatum
1152 4018 1269 4084 R'atis-

218 4123 327 4186 bonae
352 4109 444 4186 1861‘.

130 4223 370 4290 molochitae
392 4225 412 4290 i.
428 4248 456 4291 e.
477 4229 649 4290 Daemones
671 4247 698 4294 c.
714 4227 743 4292 3.
759 4226 833 4294 dist.
849 4227 900 4291 36.
924 4248 950 4293 c.
967 4228 995 4292 7.
1011 4226 1086 4293 dist.
1099 4229 1151 4291 44.
1174 4225 1268 4292 Corr·

216 4329 258 4395 R.
280 4328 496 4396 talamascas,
