3080 5150
601 399 817 467 ..85-

221 577 389 640 sententia
413 595 513 660 quam
536 577 680 638 maxime
712 573 889 662 probanda
923 579 1013 640 esset
1043 577 1077 640 in
1106 553 1281 644 enucleata

225 677 380 742 doctrina
401 681 581 763 potestatis
607 681 641 742 in
671 677 827 764 angelos,
862 697 972 762 quae
1002 681 1212 746 consistit
1239 683 1281 745 in

223 781 476 846 hierarchia
498 781 718 866 regiminis
741 785 782 846 et
804 779 979 864 ordinis.
993 787 1081 868 part
1094 783 1121 846 1.
1139 805 1192 869 qu.
1206 785 1280 850 108.

225 885 269 948 ab
292 883 368 950 aliis
390 883 609 972 scriptoribus
632 885 797 972 ignorata.

115 1001 372 1071 Hieran-chine
394 1010 570 1070 certamen.
616 999 742 1068 Contra
764 1003 985 1069 hierarchiam
1002 1007 1196 1094 neutiquam
1216 1027 1280 1071 va-

226 1107 275 1174 let
296 1128 405 1193 neque
433 1107 489 1192 jus
512 1098 757 1192 r'naJ‘estaticum
778 1108 812 1170 in
834 1127 942 1188 sacra,
971 1128 1080 1194 neque
1102 1099 1158 1192 jus
1190 1112 1279 1175 circa

230 1231 338 1295 sacra,
362 1218 396 1274 ει
406 1209 442 1274 id
456 1210 524 1296 jus,
547 1208 638 1295 quod
650 1208 742 1296 apud
765 1207 882 1274 Gallos
906 1217 940 1274 et
956 1207 1142 1279 Germanos
1158 1231 1280 1298 recep-

224 1319 295 1378 tum
317 1320 370 1377 εει
382 1312 444 1378 sub
461 1313 591 1377 nomine
615 1309 1042 1405 „souverainitd‚La1sdes-
1064 1309 1279 1380 undStaats

223 1413 357 1514 hoheit“
388 1421 442 1480 est
470 1417 645 1502 usurpatio
684 1421 800 1480 contra
833 1416 890 1502 jus
920 1421 1088 1504 receptum
1117 1415 1278 1486 ecclesiae

224 1507 279 1584 cat
265 1518 418 1586 ιιιοιιειιε.

265 1621 398 1688 Forsan
419 1619 569 1688 aliud
554 1641 611 1707 Jus
636 1621 763 1685 est-
749 1641 806 1708 pus
828 1621 1025 1710 inspiciendi
1048 1631 1083 1689 ει
1112 1627 1142 1688 si
1163 1627 1278 1693 variae

223 1725 450 1792 confessiones
475 1731 611 1790 exstant
633 1759 674 1770 -
696 1723 846 1788 carendi.
869 1747 900 1788 v.
924 1727 1122 1790 Hierusalem.

123 1841 364 1912 Hierusalem
387 1879 429 1890 —
451 1843 522 1908 vidi
545 1841 801 1910 descendentem
823 1843 865 1908 de
887 1843 991 1928 coelo,
1015 1848 1093 1932 quia
1112 1845 1278 1914 Hierusa-

224 1948 289 2012 lem
311 1949 493 2032 terrsstris,
522 1946 586 2012 hoc
606 1954 658 2012 est
687 1945 830 2012 ecclesia
847 1947 1003 2033 militaus,
1031 1949 1279 2036 exemplificatur

223 2058 275 2116 est
297 2058 331 2116 et
351 2051 497 2115 formata
520 2049 670 2115 adinstar
686 2049 839 2116 coelestis
856 2047 1078 2137 Hierusalem,
1103 2074 1189 2140 quae
1201 2051 1292 2118 sur-‘

223 2175 296 2220 sum
318 2160 380 2231 est,
404 2159 562 2240 quaeest
582 2159 689 2218 mater
711 2162 838 2236 nosue,
860 2151 1014 2220 videlicet
1029 2154 1192 2222 eeclesiae
1214 2159 1278 2222 tri-

147 2301 151 2306 ·
222 2257 423 2344 umphantis.
446 2256 489 2344 gl.
512 2255 557 2320 ad
580 2277 607 2320 o.
631 2258 659 2322 1.
682 2265 810 2320 extrav.
834 2277 949 2324 comm.
971 2255 1027 2320 lib.
1050 2248 1091 2322 V.
1112 2259 1163 2322 tit.
1186 2261 1215 2324 9.

132 2374 298 2444 Historia
321 2373 571 2440 ecclesiastica.
615 2375 690 2440 Etsi
706 2375 747 2440 de
767 2376 948 2462 originibus
978 2376 1138 2466 historiae
1169 2379 1278 2445 eccle-

171 2527 174 2536 .
223 2482 382 2548 siastieae
402 2482 604 2565 paucissima
625 2481 659 2544 in
688 2479 835 2562 Decreta
865 2481 1093 2566 reperiuntur,
1123 2485 1276 2570 exceptis

223 2585 323 2648 sectis
336 2583 589 2666 haereticorum,
612 2581 773 2650 historiae
795 2590 905 2648 tamen
919 2581 1168 2651 ecclesiasticae
1180 2589 1277 2670 quasi

221 2686 307 2751 liber
329 2684 500 2750 auxiliaris
536 2687 654 2751 merito
684 2685 836 2750 habetur.
889 2683 1017 2752 Contra
1049 2693 1163 2754 autem
1183 2689 1276 2774 -juris

222 2790 371 2854 canonici
390 2786 643 2853 fundamentum
664 2790 698 2852 in
721 2789 909 2854 Decreto
932 2791 1085 2908 ,positum
1115 2797 1184 2872 est,
1214 2810 1277 2855 nec

189 2943 192 2948 .
222 2889 315 2958 duris
349 2888 503 2958 Consulti
524 2893 725 2958 recentiores
756 2890 841 2958 bens
863 2899 987 2978 agunt,
1016 2893 1045 2958 si
1065 2891 1274 2982 solummodo

194 3041 196 3048 .
222 2993 328 3060 libros
350 2993 639 3084 Decretalium
660 3000 822 3082 tanquam
842 2995 956 3072 fontes
978 2996 1091 3063 citant
1172 3077 1176 3086 Ι

134 3111 378 3196 Homagrum
369 3135 389 3176 1
414 3132 440 3177 ε
463 3121 709 3179 sacramentum
731 3113 1002 3195 fidelitatis,
1018 3114 1109 3199 quod
1130 3135 1193 3200 pro
1210 3113 1274 3180 ali-

222 3238 289 3303 quo
310 3215 476 3302 spirituali
505 3215 620 3284 facero
648 3219 723 3302 quis
751 3235 819 3283 non
847 3216 966 3299 debet,
994 3237 1071 3283 nam
1099 3217 1192 3288 istud
1222 3226 1275 3283 est

141 3369 146 3374 -
199 3322 435 3386 simoniacum
458 3353 500 3368 *-
523 3319 770 3387 solummodo
755 3339 911 3404 Jurarnsn
912 3327 995 3392 tum,
1012 3319 1055 3386 dc
1077 3319 1274 3389 obedientia.

222 3421 658 3508 mmcmxwst

135 3542 382 3624 llomhiarius,
404 3543 500 3622 liber,
523 3545 558 3608 in
580 3543 813 3630 quohomiliae
828 3545 970 3611 intexto
990 3544 1274 3630 designataecol-

150 3691 153 3698 ψ
216 3647 328 3712 lectae
358 3654 457 3727 sunt,
483 3646 600 3712 diebus
623 3645 795 3712 dominicis
819 3647 961 3734 aliisque
982 3643 1080 3713 festis
1101 3647 1273 3732 legendae.

217 3795 220 3802 ·
262 3765 417 3832 Ecclesia
440 3766 618 3833 Catholica
650 3770 699 3834 ita
730 3769 856 3851 omnia,
883 3787 973 3858 quae
1003 3770 1212 3833 continentur
1239 3770 1274 3832 in

221 3873 325 3936 sacris
347 3869 459 3956 libris,
491 3869 661 3936 distribuit
689 3873 724 3936 in
752 3871 902 3958 singulos
932 3871 1003 3936 dies
1034 3855 1216 3938 dominicos
1238 3879 1273 3936 et

126 3987 132 3994 '
218 3971 372 4040 festivos.

135 4073 308 4147 Homines
329 4073 486 4166 proprii.
523 4099 675 4145 eorums
658 4085 767 4144 status
791 4083 843 4144 est
864 4076 1131 4164 impedimentum
1152 4097 1273 4188 perso-

172 4181 174 4188 “
220 4197 284 4244 nae
307 4179 462 4246 dirimens
483 4181 735 4247 matrimonium.

134 4281 341 4352 Ηοιιιιιιιιιιιι
363 4283 467 4350 flebat
488 4285 618 4350 homine
640 4283 756 4350 manus
777 4305 862 4350 suas
879 4284 1049 4352 inferente.
1071 4281 1201 4350 Illud
1181 4287 1272 4370 epis-

148 4391 152 4424 ²
208 4387 299 4478 'copi
320 4388 541 4480 praestabant
562 4387 716 4478 iegibus,
747 4409 821 4459 cum
840 4388 1115 4458 ‘inrestiebautun
1138 4387 1270 4458 Primus
