3080 5150
540 364 784 457 '-aa-

190 577 305 628 corum
328 561 445 628 ordine
465 565 562 648 quasi
583 563 661 629 inde
684 567 910 628 consecutura.
956 557 1149 638 Quomodo
1171 579 1245 624 ma-

191 667 317 732 ximum
337 665 514 730 discrimen
534 665 574 729 fit
596 667 682 731 inter
697 687 766 730 rem
780 662 989 730 Catholioam
1002 671 1036 728 et
1045 663 1181 727 Pro
1115 667 1181 728 ttes
1183 683 1245 725 an-

193 769 303 853 ticam,
326 783 413 856 qnae
440 767 646 864 solummodo
677 767 721 833 ad
750 766 880 854 singula
906 765 1018 879 officia
1040 763 1182 898 spectat.
1203 763 1245 828 V.

195 875 334 937 ίιιιιιοιιι.

85 973 319 1044 fflerurcbia
340 981 373 1041 et
394 977 611 1062 principatus
654 971 730 1040 Non
751 925 879 1040 frustm
912 963 979 1040 sint
1006 973 1159 1038 instituta
1180 991 1245 1058 po-

192 1087 301 1146 testas
323 1081 470 1164 regiset
492 1079 705 1164 cognitoris
691 1099 764 1164 Jus.
794 1075 939 1164 ungulae
958 1077 1130 1158 carnificis,
1154 1097 1245 1140 arma

194 1183 319 1266 militis,
344 1179 518 1268 disciplina
540 1181 750 1264 dominantis,
774 1183 937 1246 severitas
961 1182 1061 1246 etiam
1081 1179 1162 1245 boni
1182 1201 1247 1266 pa-

144 1360 148 1366 ,
193 1289 272 1352 tris:
293 1279 440 1350 habeant
463 1279 571 1350 omnia
593 1287 659 1350 ista
681 1283 798 1350 modos
822 1305 911 1369 suos,
936 1303 1064 1365 causas,
1087 1285 1245 1366 redonas,

195 1375 374 1455 utilitates:
397 1388 480 1454 haec
493 1406 566 1481 cnm
577 1390 743 1472 timentur,
767 1394 801 1454 et
815 1385 893 1451 mali
906 1393 1102 1453 coercentur
1125 1371 1248 1452 etboni

194 1492 338 1578 quietius
359 1493 446 1576 inter
468 1486 574 1555 malos
597 1493 722 1555 vivunt.
746 1489 846 1555 ata.
869 1487 907 1556 G.
929 1487 1066 1555 XXIII.
1090 1509 1143 1574 qu.
1167 1490 1196 1554 5.

237 1589 312 1660 Res
331 1601 442 1658 autem
463 1581 628 1658 hnmanae
651 1593 748 1658 aliter
769 1600 865 1658 tutae
896 1603 1066 1658 essenon
1092 1597 1244 1676 possunt,

195 1696 268 1782 nisi,
292 1717 378 1784 quae
401 1697 445 1761 ad
469 1697 879 1778 divinamcontessionem
897 1697 1074 1783 pertinent,
1097 1697 1192 1782 regia
1214 1703 1248 1761 et
1361 1741 1369 1758 .
1495 1691 1497 1704 '

200 1801 420 1868 sacerdotalis
454 1799 602 1866 defendit
625 1804 815 1866 auotoritas.
838 1821 864 1864 c.
882 1799 932 1866 21.
962 1801 1012 1864 24.
1035 1801 1084 1864 24.
1112 1796 1247 1884 theod.

95 1909 99 1914 '
193 1901 235 1970 In
257 1903 333 1968 dist.
355 1903 407 1969 96.
431 1903 601 1968 definitum
625 1909 686 1987 est,
710 1923 764 1968 ne·
781 1897 949 1990 principes
971 1891 1248 1990 negotiis'eccle-

194 2009 339 2073 siasticis
362 2025 399 2072 se
414 2009 644 2091 intromittant,
667 2027 709 2074 ne
729 2011 906 2072 conventui
918 2005 1071 2092 synodali
1082 2007 1247 2089 intersint,

193 2129 236 2175 ne
259 2109 452 2198 pontificum
471 2111 549 2196 J'ura
570 2117 743 2196 usurpent,
765 2119 807 2174 ne
831 2109 992 2175 ecclesiae
1015 2109 1174 2196 praesint.

94 2212 319 2281 Hierarcbia
341 2219 393 2279 est
414 2213 467 2278 vel
488 2211 613 2278 ordinis
636 2211 692 2277 vel
711 2211 965 2298 jurisdictionis.
987 2222 1054 2276 non
1077 2214 1246 2276 exsistunt

192 2325 261 2383 tres
275 2317 401 2382 classes
416 2313 638 2381 hierarchiae:
661 2317 926 2401 magisterii,
951 2315 1075 2380 ordinis
1099 2314 1248 2399 etjuris-

197 2421 361 2485 dictionis.
384 2443 414 2485 v.
446 2424 576 2482 Thomas
609 2420 652 2485 ab
675 2423 785 2498 Aquita.
808 2417 855 2503 (V
860 2417 913 2484 id.
945 2421 1069 2483 artic.
1091 2415 1248 2482 subse-

196 2531 449 2610 quentem,
452 2523 701 2589 hierarchia
731 2519 1036 2608 clericorum“),
1065 2528 1137 2586 tum
1166 2533 1246 2586 vero
1273 2587 1279 2594 ,

199 2629 333 2690 ihomas
365 2625 407 2690 ab
435 2627 556 2706 Aquino
588 2627 623 2689 iri
652 2627 800 2688 Deuoti
791 2633 857 2692 mst
843 2627 908 2691 t.itt
937 2633 1034 2691 —et
1063 2623 1248 2695 Concilium

195 2728 347 2795 Trident
324 2735 428 2792 ιιιιιιιιι
450 2728 541 2814 apud
563 2728 711 2794 eundem
766 2752 786 2762 ··

106 2853 110 2862 ·
156 2825 186 2884 ’ἰ
234 2813 469 2898 Plenitudo
493 2829 618 2900 ordinis
648 2839 701 2898 est
727 2838 833 2920 penos
862 2833 1097 2920 presbyterum
1125 2851 1248 2917 mag

195 2957 289 3020 ιιιιιιι
310 2934 580 3038 velep1scopum
603 2935 751 3001 sednon
773 2936 1065 3024 habetepiscopus
1088 2955 1154 3020 maJ
1156 2953 1249 3000 orem

135 3047 138 3052 '
195 3015 345 3122 ordinem
366 3019 475 3124 qualn
507 3037 704 3124 presbyter,
732 3041 761 3104 is
790 3056 871 3104 vero
901 3059 967 3104 ιιοιι
1007 3037 1119 3103 habet
1140 3037 1250 3124 pleni·

159 3136 177 3166 ”
194 3117 352 3212 tudinem.
395 3143 573 3220 Dititapcr,
597 3141 662 3206 Die
686 3139 939 3228 Gtundlegung.
976 3139 1249 3207 Jurisdicticnem

197 3247 335 3332 eitercet
356 3243 573 3309 'ordinarius
565 3267 585 3309 1.
608 3265 645 3311 e.
659 3247 836 3331 episcopus
858 3243 915 3310 vel
933 3251 1095 3330 tanquam
1110 3239 1249 3328 delega-

107 3373 111 3380 ·
195 3357 252 3414 tus
285 3358 406 3434 papae,
430 3354 464 3413 et
484 3347 557 3414 fieri
577 3355 709 3436 potest,
732 3355 771 3412 ιιι
793 3347 960 3434 delegatio
985 3348 1085 3412 etiam
1114 3345 1158 3410 ad
1185 3346 1251 3411 lai-

144 3531 146 3537 ,
197 3473 273 3516 cum
306 3452 563 3538 dispensationis
597 3452 695 3517 modo
732 3451 920 3518 deferatur:
961 3449 1009 3515 Ει
1046 3471 1114 3539 nop
1143 3449 1250 3514 solum

159 3549 161 3556 ’
196 3555 283 3620 haec
296 3551 421 3641 duplex
433 3555 621 3621 hierarchia
634 3557 793 3642 competit
813 3553 971 3642 pontifici,
983 3553 1044 3620 sed
1063 3556 1163 3618 etiam
1176 3574 1251 3617 ma-

199 3659 409 3744 gisterium
400 3681 420 3721 1.
451 3681 478 3724 e.
505 3659 670 3744 jurisdict
661 3681 693 3724 ιο
728 3677 856 3724 summa
884 3659 1020 3744 injure
1049 3655 1250 3741 dogmatico,

198 3782 309 3848 neque
331 3764 464 3828 misceri
485 3769 600 3848 potest
620 3783 693 3827 oum
711 3763 786 3860 jure
810 3761 952 3828 docendi
981 3759 1036 3871 vel
1070 3758 1251 3843 erudiendi,

198 3865 291 3950 quod
312 3865 512 3951 permittitur
535 3865 685 3931 omnibus
710 3853 848 3930 clericis.

246 3967 341 4046 Quae
365 3967 484 4033 condit'
461 3975 568 4033 tiones
591 3971 784 4056 neutiquam
807 3990 851 4034 ex
865 3975 942 4034 nost
943 3989 981 4034 ro
928 3966 1110 4033 tsolum
1125 3966 1250 4052 judicio

153 4095 155 4100 ’
201 4071 355 4139 elaborat
341 4079 397 4138 tae
420 4079 507 4156 sunt,
528 4079 562 4137 et
585 4075 682 4157 quasi
702 4091 811 4138 novae
835 4080 869 4138 et
889 4073 1034 4137 forsitan
1061 4071 1252 4137 haereticae

200 4182 349 4255 exstant,
380 4171 441 4240 sed
467 4175 537 4260 jam
558 4177 608 4240 uti
638 4195 741 4266 supra
771 4175 908 4240 allatum
938 4181 1007 4258 est,
1037 4193 1058 4239 a
1087 4173 1251 4261 prioribus

199 4278 420 4370 scriptoribus
443 4299 522 4360 vere
539 4275 716 4344 ‘catholicis
738 4285 899 4364 receptae
917 4277 1127 4364 etprobatae
1148 4282 1252 4342 aaut.

201 4379 288 4449 Cum
311 4375 423 4448 autem
443 4375 572 4462 Pbitttpr
604 4389 638 4448 et
666 4378 970 4468 Woltertriplicem
992 4387 1117 4446 statum
1141 4399 1250 4464 expo-
