3080 5150
537 421 579 438 -
625 387 686 456 rae
731 371 774 438 -ἰ

182 560 220 648 b)
241 561 457 650 patriarchae
487 559 620 646 (Africa
651 597 691 609 -·
721 560 972 631 Alexandrinus
1002 595 1044 610 -
1072 562 1158 628 Asia
1179 598 1221 613 -

236 665 465 732 Antiochenus
487 702 529 714 -
550 665 690 751 Europa
712 673 747 732 et
770 665 936 732 Occidens
958 668 979 730 i.
1003 687 1031 731 e.
1053 665 1177 751 Roma)

186 767 219 854 a)
239 777 454 836 accesserunt
476 768 785 855 Constantinopolis
808 771 829 834 i.
843 789 871 834 e.
892 789 980 833 nova
1001 769 1119 834 Roma.

312 893 338 936 o.
366 873 397 936 3.
434 871 511 937 dist.
540 873 590 936 22.
629 879 663 936 st
692 875 828 957 insuper
864 870 921 935 ille
949 871 1145 957 patriarcba
1179 906 1221 920 -·

239 977 335 1060 quasi
365 974 408 1039 ab
431 975 557 1058 origine
579 981 678 1038 natus
702 993 750 1022 -’
765 973 1101 1058 Hierosolymitanue.

185 1075 224 1160 d)
241 1076 428 1144 Exarchae.
451 1075 630 1164 (Ephesus.
651 1075 828 1144 Heraclea.
859 1073 1055 1160 Caesarea).
1085 1073 1221 1162 Cyprus
1328 1157 1332 1166 ἡ

239 1180 388 1244 exarcha
409 1183 524 1247 minor.

290 1281 463 1369 Carthago
486 1290 588 1369 eaput
610 1282 792 1350 Africanae
824 1282 986 1350 ecelesiae
1016 1283 1222 1368 intempore

237 1387 427 1472 posteriori,

172 1488 220 1574 e)
239 1491 355 1554 vicarii
383 1490 500 1574 pontif.
530 1489 690 1572 Romani,
723 1489 995 1574 archiepiscopus
1034 1486 1220 1562 Thessalo-

128 1657 133 1666 ,
237 1593 378 1658 nicensis
410 1599 444 1658 et
472 1591 700 1676 Arelatensis,
733 1592 795 1658 sed
816 1592 870 1656 hic
891 1593 1039 1678 inprimis
1062 1598 1222 1678 tanquam

238 1698 452 1781 praepositus
477 1694 671 1760 Galliarum.

192 1795 226 1882 f)
248 1796 466 1864 Patriarohae
487 1800 630 1863 minores
653 1801 761 1864 nostri
782 1799 954 1884 temporis.

186 1899 224 1986 g)
247 1902 413 1965 Primates
436 1904 592 1985 gentium.

81 2002 399 2090 orphanotrophia
421 2025 451 2068 v.
474 2003 539 2070 loci
561 2005 769 2070 venerabilis.

82 2109 132 2174 (ls
158 2109 256 2174 bovis
280 2109 468 2174 triturantis
491 2128 557 2171 non
578 2106 678 2192 ligari
691 2107 800 2176 debet.
824 2106 939 2192 (Dent.
963 2105 1031 2191 25.)
1053 2129 1079 2171 c.
1102 2108 1154 2171 20.
1175 2107 1222 2174 Χ.

169 2211 212 2276 de
234 2210 414 2297 praebend.
433 2209 493 2274 III.
516 2209 545 2274 5.

84 2314 232 2380 Osanna
253 2349 295 2362 -
318 2320 370 2378 est
392 2334 462 2378 vox
484 2312 692 2380 obsecrantis
714 2315 823 2397 magis
846 2312 1003 2378 affectum
1020 2313 1222 2397 significans,

170 2437 272 2502 quam
293 2435 364 2480 rem
386 2414 533 2501 aliquam
556 2417 754 2500 exprimens.
777 2414 822 2499 gl
844 2413 888 2478 ad
911 2436 938 2480 o.
961 2416 989 2478 1.
1011 2414 1058 2479 Χ.
1083 2415 1111 2478 1.
1136 2416 1163 2478 1.

83 2516 343 2597 ostensorum,
365 2520 467 2603 pyxis
491 2523 525 2581 et
548 2517 754 2603 corporalia,
777 2537 865 2602 quae
894 2517 1085 2584 immediate
1113 2519 1222 2582 inser-

168 2625 263 2685 viunt
287 2618 321 2686 S.
344 2617 378 2687 S.
398 2617 627 2700 Sacramenta
649 2619 772 2686 debent
794 2619 956 2686 benedici.
992 2623 1133 2682 Ferraria
1154 2619 1221 2685 ind.

168 2725 300 2788 rituum.
1004 2721 1012 2734 '

84 2824 263 2894 Ostiarius
285 2860 326 2873 -
349 2828 402 2890 oui
424 2829 502 2891 ostii
524 2847 583 2892 seu
604 2833 724 2912 portae
748 2847 827 2892 eura
848 2826 1071 2907 incumbebat,
1087 2859 1128 2874 -
1151 2827 1222 2911 pri·

168 2949 242 2994 mua
266 2927 391 3012 gradus
414 2929 539 2994 ordinis
563 2929 796 2994 ecclesiastici:

214 3031 342 3097 Videas
355 3033 502 3098 ordinem
514 3033 708 3098 Romanum.
725 3029 1028 3098 Sacramentarium
1039 3033 1176 3111 Greporit
1184 3033 1223 3095 M.
1239 3109 1249 3129 χ

213 3135 292 3202 Jam
312 3135 418 3200 verba
439 3137 533 3199 faeta
554 3143 632 3200 sunt
653 3138 687 3198 in
710 3135 853 3220 epistola
877 3131 911 3199 S.
934 3134 1058 3219 Ignatii
1080 3133 1124 3198 ad
1147 3131 1223 3198 An·

170 3239 343 3305 tiochenos
367 3245 400 3304 et
421 3241 455 3304 in
477 3237 615 3303 concido
640 3235 800 3321 Carthag.
824 3236 882 3301 IV.
905 3258 976 3302 can.
999 3239 1028 3300 9.

630 3599 677 3694 Ρ.

86 3862 276 3950 Populatio
297 3866 329 3928 in
352 3861 470 3928 bello
493 3867 527 3926 et
548 3867 640 3926 terra
651 3859 774 3942 hostili,
797 3877 926 3945 pascua
947 3859 981 3922 in
1003 3877 1118 3943 pace.
1140 3858 1224 3923 Ferr.

172 3989 200 4034 s.
223 3989 254 4032 v.
273 3964 456 4052 pabulatio.

86 4069 291 4136 Paotionam
319 4070 354 4132 in
377 4067 555 4134 donatione
578 4065 797 4154 spiritualium
826 4083 928 4150 posse
956 4065 1157 4128 intervenire
1191 4070 1225 4130 et

174 4171 380 4240 conditiones
395 4173 542 4256 pactioni
550 4172 766 4256 interpositas
779 4167 860 4232 dicit
882 4165 982 4251 glad
995 4165 1059 4230 ab.
1084 4165 1159 4254 dist.
1175 4164 1226 4231 50.

89 4276 238 4342 Pactum
269 4310 310 4324 -
334 4271 476 4362 (pactio)
507 4309 549 4322 -
581 4275 610 4338 si
633 4279 705 4338 erat
726 4273 893 4336 firmatum
910 4267 1148 4355 jurejurando,
1176 4270 1225 4334 ita

173 4377 321 4451 validum
344 4385 428 4464 erat,
451 4399 525 4444 cum
546 4377 716 4467 negotium
743 4377 778 4439 in
804 4375 914 4462 ipsum
940 4373 1017 4461 jure
1040 4370 1224 4457 civiliunul-
