3108 5138
574 385 788 454 ..25-

105 561 239 649 capitu
260 563 280 626 i.
303 582 331 627 e.
352 567 500 626 tonsura.
544 559 693 648 Capillos
716 569 750 627 et
777 559 917 626 barbam
947 562 1073 628 nutrire
1094 563 1251 648 poeni-

199 668 383 732 tentium
412 665 518 729 fuisse
549 665 708 729 observat
751 666 901 728 aaaron
941 664 997 730 lib.
1027 665 1056 729 2.
1086 685 1113 729 c.
1135 666 1186 730 29.
1208 664 1250 730 de

198 773 314 835 institt.
325 768 474 834 clericor.
496 791 554 832 -r
568 767 670 834 habet
685 769 802 833 forsan
818 768 942 854 aliquid
957 769 1113 834 momenti
1126 771 1250 834 nostris

198 871 413 959 temporibus.
435 869 600 936 Videatur
612 874 763 934 Brancatr'
775 875 918 958 epitome
929 891 1090 938 canonum
1109 873 1251 937 omnium

202 999 227 1042 s.
249 999 281 1040 v.
303 994 408 1056 coma,
430 982 570 1039 tonsura
592 973 654 1040 sed
675 983 710 1040 et
731 975 854 1040 barba:
876 977 910 1038 in
925 974 1065 1040 coneilio
1088 973 1250 1059 Carthag.

202 1083 232 1144 4.
255 1101 282 1144 c.
304 1081 347 1144 44
368 1077 564 1164 prohibetur
587 1076 737 1161 Clericis,
760 1097 801 1143 ne
823 1077 963 1144 barbam
984 1080 1141 1144 nutriant.

26 1239 36 1256 .
107 1182 277 1268 capitula
299 1184 374 1246 tria.
403 1180 443 1246 In
464 1180 603 1246 concilio
626 1185 835 1248 oecumenico
859 1184 974 1268 quinto
997 1179 1154 1246 damnata
1174 1188 1251 1246 sunt

201 1288 267 1353 tria
290 1283 437 1371 capitula
458 1286 478 1348 i.
502 1305 530 1350 e.
552 1286 580 1348 1.
607 1287 734 1371 scripta
764 1289 910 1348 Theodori
937 1287 1133 1363 Moproeetrnr'
1161 1304 1202 1349 ac
1217 1285 1246 1348 2.

207 1391 382 1452 Theodorou·
395 1386 555 1454 adversus
575 1390 608 1450 S.
623 1392 780 1470 cyrillam,
803 1396 837 1454 et
853 1389 883 1453 3.
906 1386 1049 1474 epistola
1072 1388 1252 1450 ItacEder-

199 1496 263 1556 reni
284 1490 328 1555 ad
350 1493 462 1553 Mon’m
485 1495 620 1568 Persam,
646 1490 688 1556 de
706 1491 825 1578 quibus
841 1511 963 1576 magna
976 1492 1158 1557 animorum
1170 1510 1252 1555 oon-

201 1597 348 1662 tentione
372 1593 608 1680 quaerebatur,
630 1615 708 1659 num
729 1597 765 1658 in
785 1597 825 1659 iis
846 1594 995 1660 Nestorii
1017 1614 1148 1660 errores
1170 1613 1251 1660 oon-

200 1702 394 1763 tinerentur.

110 1801 338 1887 capitulares
361 1821 382 1864 a
404 1799 559 1886 capitulo.
582 1801 736 1866 Dabatur
759 1808 792 1867 et
814 1800 913 1868 datur
935 1799 1114 1887 capitulum
1136 1797 1253 1866 cathe-

200 1903 305 1988 drale,
325 1902 447 1987 rurale,
469 1902 681 1988 regularium.

112 2006 269 2093 Capituli
303 2004 473 2070 vicarius.
531 2005 564 2070 A
585 2006 745 2093 capitulo
779 2007 963 2073 cathedrali
1008 2006 1158 2092 eligitur,
1192 2005 1252 2071 sed

202 2113 230 2176 si
252 2113 340 2174 intra
363 2116 439 2174 octo
471 2108 541 2175 dies
570 2118 650 2195 post
679 2111 805 2176 obitum
835 2113 983 2197 episcopi
1010 2131 1078 2176 uon
1107 2109 1250 2194 eligitur,

204 2213 405 2278 transfertur
439 2215 620 2277 nominatio
654 2212 698 2277 ad
728 2215 974 2300 metropolitam
1005 2213 1060 2280 vel
1090 2212 1134 2278 ad
1163 2215 1252 2276 anti-

202 2319 350 2403 quiorem
388 2322 447 2380 aut
485 2317 759 2402 propinquiorem
795 2319 998 2402 episcopum
1024 2319 1175 2398 -Βιυῑοιί,
1210 2313 1252 2378 de

204 2417 338 2505 capitul.
362 2413 389 2502 ᾖ.
412 2418 462 2482 62.

113 2520 320 2608 Capitulum
342 2523 363 2586 i.
386 2541 412 2586 e.
435 2527 572 2588 senatus
595 2523 752 2608 episcopi.
796 2525 897 2586 Beata
919 2520 961 2586 de
983 2519 1116 2608 capitul.

112 2629 247 2712 Cappa,
275 2625 417 2706 floccus,
449 2623 577 2689 cuculla
600 2659 641 2670 —
669 2624 786 2690 forsan
816 2623 931 2712 Cape
961 2624 1053 2690 clem.
1071 2624 1097 2690 I.
1118 2621 1178 2690 ΙΠ.
1202 2624 1251 2689 10.

205 2727 326 2818 Cappa
346 2748 477 2814 magna.
499 2733 613 2793 Annei.
633 2733 742 2810 pontif.
764 2729 837 2794 livr.
861 2729 889 2794 8.
912 2749 944 2814 p.
968 2727 1062 2792 1432.

112 2834 239 2918 Cappa
262 2838 314 2896 est
337 2833 503 2916 antiquior
519 2831 652 2896 habitus
676 2831 818 2896 choralis
833 2853 873 2897 ac
894 2833 1050 2918 proprius
1073 2834 1252 2898 canonico-

205 2957 286 3000 rum.
308 2933 461 2998 Nobilior
472 2933 606 2998 habitus
630 2955 757 3021 cappae
781 2933 918 3020 (magna
931 2932 1054 3020 eappa)
1077 2941 1129 3000 est
1142 2953 1252 3020 cappa

205 3031 278 3103 curir
300 3036 463 3102 rochetto.
507 3035 583 3100 Non
606 3037 725 3101 desunt
748 3037 912 3124 exempla,
935 3036 1124 3122 hujusmodi
1144 3038 1252 3121 insig-

201 3143 257 3206 nia
279 3159 438 3204 concessa
459 3139 564 3204 fuisse
585 3140 797 3206 inferioribus
821 3138 969 3206 Clericis.
1012 3142 1136 3203 Feror.
1159 3142 1253 3204 artic.

201 3245 324 3309 noviss.
341 3244 490 3328 inprimis
503 3243 619 3308 videas
642 3247 771 3326 Maroni,
795 3243 885 3330 quod
908 3245 1028 3310 attinet
1049 3240 1099 3310 ad¹
1110 3261 1252 3329 cappam

203 3347 371 3434 pontificis
394 3349 511 3410 summi
533 3355 567 3414 et
590 3344 826 3412 Cardinalium.
1176 3417 1181 3425 ¹

114 3453 277 3536 (lapsui.
301 3470 329 3513 e.
353 3447 580 3516 Giborium.
616 3454 728 3530 Hefele,
754 3449 1036 3535 Concilieugesch.
1058 3448 1101 3515 H.
1123 3470 1155 3535 p.
1179 3449 1251 3512 277.

117 3553 328 3621 Gardiuales
353 3561 449 3618 eraut
470 3551 506 3637 a)
528 3556 676 3640 episcopi
697 3554 932 3636 suburbicarii,
955 3551 993 3636 b)
1016 3553 1072 3618 alii
1092 3553 1252 3638 episcopi,

206 3659 327 3745 quibus
357 3677 423 3720 non
455 3665 528 3722 erat
549 3658 780 3724 commendata
809 3658 957 3723 ecelesia.
1000 3656 1068 3722 Alii
1104 3657 1253 3740 episcopi

206 3761 346 3846 obligati
376 3768 480 3844 crant,
506 3763 734 3847 episcopatum
757 3760 1006 3843 commendare,
1036 3759 1141 3826 donee
1170 3778 1252 3822 con-

203 3864 276 3929 cilio
310 3863 508 3928 Tridentino
530 3870 696 3928 statutum
721 3873 790 3941 est,
815 3873 852 3928 ut
881 3867 927 3948 is,
958 3865 1015 3948 qui
1043 3859 1252 3929 cardinalitia

202 3966 366 4052 dignitate
380 3975 540 4052 augetur,
563 3970 707 4052 priorem
730 3971 959 4054 episcopatum
980 3969 1131 4032 retineat

115 4068 323 4135 Gardinales
353 4069 458 4154 legati
481 4069 642 4150 elatem,
673 4093 703 4136 v.
727 4075 899 4150 Rapsacen.
943 4067 1251 4134 Incardinatio

203 4174 435 4259 episcoporum
459 4177 583 4253 Phitltpe
601 4174 658 4258 jus
681 4197 751 4240 can.
773 4182 850 4240 tom.
873 4172 913 4238 V.
938 4171 965 4258 ἓ.
989 4173 1061 4238 225.

115 4273 317 4346 cardinatis
339 4295 360 4340 a
382 4275 528 4362 cardine,
551 4279 629 4364 quia
652 4280 738 4343 sicut
759 4280 793 4343 in
817 4276 951 4346 cardine
968 4279 1097 4364 regitur
1120 4276 1250 4364 ostium,
1369 4264 1378 4277 “
