3088 5140
753 369 990 436 ..ιαμ

393 545 479 610 anis:
502 577 544 592 -
567 563 679 626 omne,
709 542 801 630 quod
830 549 946 608 contra
975 541 1082 608 bonos
1112 559 1220 606 mores
1251 546 1322 622 est,
1358 535 1458 603 nullo

392 646 490 712 modo
514 667 557 712 ex
577 645 753 711 honestate
776 648 986 732 antiquarum
1009 645 1165 730 gentium,
1189 641 1249 708 sed
1271 663 1316 708 ex
1341 643 1459 705 mori-

390 751 453 816 bus
477 748 677 816 Christianis
700 747 825 836 populo
848 755 882 814 et
903 749 1062 814 scientiae
1086 749 1182 832 quusi
1210 745 1329 810 infusis
1360 743 1458 828 dijn-

392 852 530 918 dicatur.
1533 839 1534 866 ¹

459 977 487 1020 c.
509 957 539 1020 2.
561 953 636 1020 dist.
659 955 689 1020 8.
711 955 888 1037 romunt,
910 975 943 1040 p.
956 955 1028 1020 481.

305 1057 554 1125 Resoluticnes
584 1077 755 1128 sacrarum
792 1057 1086 1142 congregationum
1122 1057 1270 1142 inprimis
1301 1053 1458 1121 Concilii

392 1160 541 1228 Trident.
562 1161 780 1246 interpretum
803 1161 1009 1224 constituunt
1025 1157 1082 1244 jus
1095 1157 1362 1224 ecclesiasticum
1390 1177 1457 1222 no-

393 1267 574 1346 vissimum,
598 1259 809 1346 (Thesaurus
839 1259 952 1326 Rescl.
983 1257 1018 1326 S.
1047 1259 1085 1328 C.
1115 1258 1253 1326 Concilii
1280 1259 1325 1325 ab
1358 1279 1455 1324 anno
1532 1321 1534 1352 1

394 1363 511 1449 itis).

305 1466 525 1533 Restituendi
546 1469 701 1534 tructus.
745 1468 934 1532 Discrimen
955 1465 1088 1534 videtur
1117 1469 1150 1530 in
1181 1465 1332 1532 doctrine
1357 1467 1455 1552 juris
1533 1533 1534 1538 ,

392 1572 533 1637 Romani
555 1579 590 1637 et
612 1570 783 1654 Canonici,
806 1578 839 1636 et
861 1591 904 1636 ex
924 1570 1007 1656 jure
1020 1569 1190 1635 Canonico
1212 1570 1327 1634 forsan
1351 1569 1456 1635 deri-
1533 1615 1534 1620 κ

390 1681 489 1740 vetur
520 1677 632 1762 opinio
653 1694 819 1762 praxeos,
843 1694 911 1759 qus
932 1673 1039 1738 molae
1069 1671 1147 1739 fidei
1175 1691 1355 1759 possessor
1382 1693 1455 1738 non

391 1779 538 1843 restituit
557 1777 631 1843 illos
644 1777 785 1852 fructus,
808 1779 898 1862 quia
917 1774 1325 1862 petitorepercipiendi
1337 1784 1454 1842 erant
1533 1837 1534 1866 p

392 1883 537 1964 Roeettrt,
560 1879 675 1946 histor.
693 1881 758 1965 jur.
781 1881 928 1966 dogmat.
951 1901 982 1966 p.
1005 1879 1077 1944 211.
1101 1881 1173 1944 212.
1533 1873 1534 1878 ’

306 1980 497 2050 Restitutio
520 2003 571 2048 ex
593 2003 700 2048 nouo
723 1980 769 2066 (v.
790 1991 852 2048 art.
875 1981 1025 2068 subseq.)
1048 1989 1100 2049 est
1120 1984 1305 2048 institutum
1324 1982 1451 2066 juris

391 2106 476 2152 can.
529 2083 657 2152 Contra
685 2106 755 2151 rem
780 2086 968 2172 judicatum
997 2087 1163 2152 restitutio
1197 2084 1339 2150 obtinuit
1372 2086 1452 2172 jam

388 2192 465 2275 jure
485 2189 647 2273 Romano,
671 2192 700 2256 si
722 2209 825 2256 causa
848 2195 921 2254 erat
940 2196 975 2255 et
988 2187 1111 2254 laesio:
1132 2189 1262 2273 injure
1283 2186 1368 2254 Can.
1381 2189 1451 2254 cd-

390 2296 531 2360 mittitur
554 2296 653 2359 etiem
674 2296 707 2358 in
726 2292 853 2377 judicio
876 2291 1113 2380 appeliatorioz
1142 2311 1210 2356 non
1230 2309 1369 2357 necesse
1394 2300 1450 2358 cst

390 2397 529 2484 probari
543 2397 741 2480 laesionem3
765 2403 799 2460 et
821 2415 894 2460 cum
911 2396 988 2480 jure
1002 2393 1200 2461 Germanico
1218 2393 1450 2482 praecludun-

390 2511 445 2568 tur
457 2499 671 2586 exceptiones
684 2504 718 2565 et
732 2498 958 2586 probationes,
978 2500 1147 2564 restitutio
1163 2498 1237 2564 fieri
1250 2497 1304 2562 bic
1314 2475 1446 2585 potbst,
1532 2567 1533 2576 ,

391 2605 896 2688 einovaproponuntur,
919 2602 1010 2689 quod
1033 2608 1067 2668 et
1089 2601 1228 2669 adrem
1253 2591 1443 2687 judicatam

392 2704 597 2788 extenditur,
620 2707 649 2771 si
671 2725 759 2772 nove
781 2705 912 2772 adsunt.

461 2829 488 2874 c.
510 2807 568 2875 ult.
590 2808 638 2876 X.
660 2807 685 2874 Ι.
708 2808 758 2875 51.

307 2909 496 2979 Restitutio
518 2913 552 2976 in
573 2914 737 2998 integrum
759 2912 941 2979 secundum
958 2913 1015 2998 jus
1038 2911 1133 2976 Rom.
1156 2919 1191 2978 et
1213 2910 1294 2977 Oen.

348 3014 383 3101 a)
406 3033 450 3082 ex
468 3015 546 3100 jure
561 3014 712 3080 Romano
727 3014 763 3081 id
784 3015 1006 3103 proficiscitur
1021 2997 1119 3101 quusi
1139 3015 1336 3080 beneficium
1344 3013 1443 3100 juris,

407 3115 470 3185 sed
492 3118 535 3183 ab
558 3118 699 3186 ecclesia
722 3119 873 3186 omnibus
896 3118 1004 3198 datur,
1027 3120 1085 3203 qui
1106 3139 1166 3204 per
1188 3124 1444 3204 procuratorem

407 3219 462 3287 vel
492 3219 702 3290 defensorem
733 3229 845 3309 agunt.
889 3243 915 3289 c.
944 3221 973 3287 5.
1003 3220 1049 3288 X.
1072 3219 1115 3286 de
1143 3228 1222 3288 rest
1250 3222 1271 3285 i.
1291 3221 1312 3286 i.
1342 3221 1367 3288 I.
1391 3223 1443 3287 41.

406 3326 441 3389 in
462 3327 584 3411 specie.
1531 3317 1532 3368 ἓ

347 3425 384 3512 1))
408 3426 451 3494 ob
481 3447 570 3493 nova
601 3430 636 3494 in
671 3427 731 3495 lite
760 3435 919 3514 tanquam
948 3429 1118 3514 proprium
1147 3427 1331 3494 remedium
1355 3429 1443 3514 juris

409 3537 527 3595 eontra
541 3533 735 3615 sententias,
759 3537 793 3598 et
810 3537 991 3596 renovatur
1012 3549 1191 3617 processus
1213 3551 1244 3596 v.
1268 3533 1444 3594 Toncrcdsu

406 3632 448 3700 de
469 3633 744 3700 restitutionibus.
768 3632 861 3705 Ordo
872 3632 1028 3719 judicior.
1049 3655 1082 3719 p.
1091 3635 1120 3698 4.
1142 3636 1193 3698 tit.
1217 3635 1246 3699 6.
1269 3633 1320 3701 ed.
1344 3636 1443 3714 Bery-

407 3757 504 3800 marm
526 3757 558 3824 p.
580 3735 653 3802 305.
1349 3822 1356 3830 ἢ

309 3863 316 3872 ·
348 3837 381 3924 c)
402 3839 446 3905 ob
467 3839 700 3926 spoliationem
722 3840 852 3906 restitui
874 3859 1008 3926 quoque
1029 3845 1142 3926 potest
1161 3837 1303 3906 ecclesia
1324 3847 1441 3909 contra
1530 3919 1531 3922 Ἴ

409 3940 594 4025 ecclesiam,
618 3947 721 4028 etque
744 3961 851 4026 oeque
874 3950 991 4008 contre
1013 3942 1112 4008 alios:
1530 3943 1531 3968 ³

459 4067 486 4110 c.
506 4043 536 4111 3.
558 4043 606 4111 Χ.
627 4045 670 4112 de
690 4045 711 4109 i.
733 4047 753 4108 i.
775 4051 852 4112 rest
875 4044 900 4110 Ι.
923 4047 975 4110 41.

407 4147 583 4212 Possessio
605 4147 814 4214 restituenda
836 4155 904 4231 est,
933 4155 1063 4213 tentum
1091 4167 1157 4214 non
1178 4149 1255 4234 ipsa
1276 4169 1349 4234 res,
1378 4147 1440 4214 sed

408 4271 482 4315 cum
505 4250 667 4336 omnibus,
691 4271 777 4338 quae
792 4262 851 4316 'ex
872 4271 910 4317 re
931 4249 1139 4317 restituenda
1159 4253 1289 4318 interim
1311 4254 1439 4339 percipi

293 4389 303 4398 -
406 4355 594 4439 potuissent
616 4373 643 4420 c.
665 4356 714 4421 11.
736 4353 784 4422 X.
806 4352 849 4422 de
871 4353 1012 4441 spoleat.
1031 4353 1073 4420 11.
1097 4353 1147 4420 13.
