3080 5150
739 357 979 430 ..103-

394 527 452 596 bet
492 532 688 618 magistrum
726 537 1007 602 caeremoniarum
1041 535 1096 602 vel
1134 539 1432 605 caerimoniarium

396 636 480 697 Fcrr.
503 656 529 700 s.
551 657 583 700 v.
604 629 698 702 ritu's.

437 737 577 803 Accedit
597 737 775 806 missale
796 739 982 807 Romanum
1005 740 1164 831 (excepta
1186 743 1332 810 ecclesia
1352 745 1432 810 Me-

393 840 512 906 diolon.
543 847 577 905 et
605 843 672 906 ritu
699 841 914 910 Monarabico
944 845 1143 932 quibusdam
1173 845 1324 913 ecclesiis
1346 847 1432 912 His-

393 945 519 1030 panicis
535 941 710 1028 concesso)
737 978 770 990 -
791 952 825 1012 et
845 945 1116 1012 breviarium.

435 1047 543 1132 Igitur
575 1046 710 1130 liturgia
742 1047 866 1134 ubique
897 1051 931 1114 in
961 1049 1102 1116 ecclesia
1129 1051 1326 1118 occidentali
1355 1052 1430 1118 fere

394 1156 447 1216 est
468 1169 548 1214 una
571 1157 606 1215 st
626 1152 766 1216 unica.
1070 1137 1072 1143 ⁵

333 1249 371 1336 b)
394 1251 457 1319 Jus
479 1251 677 1337 liturgicum.
721 1253 773 1318 De
794 1252 859 1320 hac
879 1274 916 1319 re
939 1254 1146 1322 solummodo
1175 1258 1329 1345 pontifex
1353 1267 1428 1324 sta-

393 1363 486 1421 tuere
507 1362 630 1441 potest,
652 1357 682 1419 si
704 1354 839 1422 dubium
859 1357 1029 1446 quoddam
1051 1360 1198 1444 obvenit,
1217 1395 1255 1406 -
1267 1363 1331 1426 nisi
1352 1364 1428 1448 ipse

392 1457 447 1522 vel
468 1477 630 1543 expresso
651 1458 707 1523 vel
727 1461 831 1526 tacito
861 1481 1025 1528 consensu
1053 1462 1210 1550 liturgiae
1241 1463 1428 1549 regulatio-

392 1580 466 1626 nem
496 1559 540 1624 ad
578 1560 728 1646 singulos
756 1565 791 1626 in
828 1564 967 1650 singulis
1009 1565 1219 1633 dioecesibus
1248 1569 1427 1652 episcopos

392 1662 611 1728 transtulerit
657 1663 788 1731 Octavo
811 1667 946 1732 saeculo
963 1668 1035 1754 jam
1057 1667 1192 1733 sublata
1212 1675 1266 1734 est
1287 1672 1428 1755 antiqua

390 1764 526 1851 liturgia
563 1766 758 1832 eclesiarum
796 1767 944 1853 Galliae3
974 1779 1008 1836 et
1041 1769 1194 1834 Romana
1222 1771 1427 1836 introducta:

392 1869 456 1934 sub
478 1871 618 1949 &reporto
628 1868 703 1936 VIL
725 1870 860 1937 sublata
872 1879 924 1938 est
945 1875 979 1936 in
1000 1871 1164 1959 Hispania
1181 1873 1318 1960 liturgia
1328 1875 1427 1940 Moz-

376 1972 513 2037 arabica
536 1979 570 2038 et
588 1971 740 2038 Romana
757 1974 956 2040 introducta.

434 2076 594 2141 Pontifex
615 2078 720 2141 utitur
740 2078 878 2164 propria
911 2076 1139 2146 Cardinalium
1162 2083 1426 2167 congregatione

392 2181 522 2246 rituum.

435 2280 660 2348 Celeberrima
688 2283 787 2370 hujus
809 2286 859 2349 rei
888 2287 1082 2351 constitutio
1112 2293 1165 2351 est
1192 2283 1291 2350 Bulla
1315 2289 1363 2349 Pii
1384 2287 1425 2352 V.

393 2382 489 2467 „Quo
512 2385 672 2471 primum“
696 2386 727 2450 d.
748 2387 779 2451 d.
800 2387 848 2452 15.
872 2385 954 2451 Julii
985 2387 1078 2454 1570.
1100 2387 1226 2454 Bullar.
1254 2389 1350 2454 Rom
1374 2389 1426 2454 ed.

392 2484 573 2553 Cherubini
602 2486 646 2572 (a.
671 2489 768 2572 1638)
798 2497 876 2554 tom.
899 2489 940 2554 Π.
963 2511 995 2576 p.
1018 2490 1090 2555 235.
1120 2512 1170 2555 nr.
1194 2492 1266 2556 106.
1294 2526 1337 2538 -
1358 2513 1426 2557 non

391 2589 560 2656 miscenda
588 2611 663 2658 cum
696 2591 804 2658 altera
830 2590 923 2656 bulla
952 2591 1101 2677 ejusdem
1129 2594 1297 2678 pontificis
1329 2616 1425 2677 „cum

392 2690 554 2778 primum“
578 2695 654 2756 anni
677 2692 770 2758 1566.
813 2697 950 2756 Rossbirt
967 2695 1024 2780 jus
1048 2715 1118 2760 can.
1140 2717 1173 2782 p.
1196 2697 1269 2761 829.

332 2795 367 2880 c)
388 2794 583 2880 Liturgicee
606 2796 867 2880 significationes
887 2805 921 2863 et
937 2797 1033 2864 varia
1054 2799 1141 2864 inter
1155 2798 1298 2885 populos
1320 2819 1426 2862 voca-

390 2897 470 2964 bula
493 2933 533 2976 ··.
555 2901 728 2964 nonenim
758 2919 802 2964 cx
833 2901 1124 2966 constitutionibus
1155 2903 1321 2968 canonicis
1346 2922 1426 2988 pro-

393 3001 510 3084 deunt,
541 3001 600 3066 sed
634 3023 678 3068 ex
711 3002 857 3066 moribus
879 3010 912 3066 et
934 3024 997 3068 usu
1018 3004 1217 3089 populorum
1246 3023 1426 3090 eorumque

393 3107 626 3184 enuntiatione.
668 3103 830 3170 Nolumus
853 3104 896 3169 de
918 3105 981 3169 hac
1010 3125 1048 3171 re
1070 3105 1244 3192 disputare
1273 3127 1318 3170 ex
1346 3106 1426 3170 lati-

391 3211 496 3272 nitate
525 3207 624 3273 medii
653 3210 744 3272 aevi:
774 3228 862 3292 quae
891 3211 975 3273 enim
1004 3215 1160 3294 spectant
1182 3209 1226 3272 sd
1254 3208 1427 3274 historiam

391 3329 559 3396 vocesque
581 3309 780 3396 populorum
795 3309 1016 3395 Gallicorum,
1040 3311 1147 3375 relata
1169 3318 1247 3376 sunt
1269 3313 1426 3398 inopere

392 3412 524 3476 Domini
536 3416 578 3474 da
586 3413 885 3479 Frons—editore
906 3417 1088 3476 Hemebctto.
1110 3412 1236 3478 Videas
1260 3421 1339 3478 tom.
1352 3413 1426 3478 VII.
1503 3417 1507 3428 '

392 3515 454 3580 sub
476 3535 561 3580 voce
582 3515 735 3601 liturgia3
758 3519 857 3582 etiam
878 3518 913 3580 in
935 3516 1080 3582 editione
1101 3519 1210 3602 prima
1228 3514 1427 3582 -sednon

391 3620 426 3682 in
455 3617 599 3684 editione
629 3618 785 3682 secunda.
828 3618 931 3705 Apud
963 3623 1171 3682 Henechelium
1205 3619 1311 3684 verba
1338 3621 1426 3686 notis

392 3725 590 3788 asteristicis
613 3729 690 3786 sunt
712 3723 854 3806 signata.

251 3857 258 3870 ·
289 3821 516 3889 licentiatus.
561 3823 690 3909 Omnia,
714 3845 800 3909 quae
822 3827 989 3888 Bdbmerue
1010 3828 1045 3890 in
1067 3825 1279 3911 praelatione
1301 3824 1427 3890 adDe-

393 3935 520 3994 cretum
543 3927 585 3992 de
606 3927 670 3992 hac
690 3949 728 3993 re
749 3930 783 3991 iu
816 3949 893 4014 pag.
915 3928 995 3995 XV.
1018 3929 1081 3994 sub
1109 3950 1140 3994 n.
1164 3936 1198 3994 et
1232 3951 1264 4014 q.
1285 3929 1426 4015 profert,

394 4028 485 4095 falsa
506 4038 594 4114 sunt,
617 4033 667 4096 uti
690 4034 776 4093 Serti
797 4051 823 4096 s.
845 4053 876 4095 v.
900 4033 1067 4095 marianus
1089 4052 1168 4118 pag.
1185 4027 1262 4096 ¹26⁷.
1285 4029 1313 4116 §
1323 4029 1427 4096 XIX.

395 4134 518 4218 optime
540 4133 706 4218 probavit.

288 4234 479 4319 ligatura:
507 4237 730 4302 institutiones
750 4237 934 4324 hominum,
956 4259 1044 4325 quse
1066 4247 1144 4305 sunt
1166 4237 1427 4324 superstitiosae,

376 4339 647 4408 condemnantur.
664 4403 667 4417 .
1180 4363 1183 4370 ⁴
