3088 5140
579 458 622 480 ..
666 414 728 498 χρὴ
772 459 815 481 ..-

213 605 363 692 exceptis
380 593 638 691 pontificalibus,
660 605 775 690 itaque
786 599 975 690 jurisdictio
985 602 1101 670 victrii
1111 591 1264 692 Aposto-
1370 651 1372 660 ·

211 709 267 774 lici
288 716 340 773 est
362 704 478 774 eadem
500 713 603 793 atque
626 709 784 794 episcopi.

113 801 293 880 vicarius
317 805 506 878 cardinalis
528 811 621 877 urbis
644 827 763 878 revera
787 819 838 878 est
859 810 1049 898 Episcopus
1071 818 1105 877 at
1127 807 1263 878 ordina·

212 920 282 982 rius
304 915 414 998 urbis,
444 929 553 1004 neque
584 913 773 1002 delegatus*
789 915 854 981 aiio
885 910 1001 1000 modo,
1024 922 1127 1002 atque
1149 935 1262 983 omnes

214 1017 272 1083 aiii
294 1005 442 1105 episcopi
464 1017 498 1082 in
521 1019 589 1083 suis
612 1021 798 1084 territoriis.

117 1116 296 1190 Vicur'ius
327 1119 531 1208 Capituia'ris
560 1141 602 1170 ·-·
631 1116 797 1206 generalis
833 1131 868 1189 et
901 1118 1059 1188 foraneus
1089 1137 1155 1188 non
1186 1129 1263 1186 sunt

180 1235 183 1246 ·
212 1227 371 1312 episcopi,
394 1219 454 1289 sed
475 1213 600 1292 hebent
627 1217 894 1309 jurisdictionem
914 1242 981 1290 non
1006 1219 1197 1311 delegatam
1219 1214 1262 1288 ab

98 1321 112 1331 “
213 1331 382 1415 episcopo.
730 1403 734 1412 .
811 1347 831 1412 j
969 1403 973 1410 ⁴
1068 1406 1072 1416 Ι
1123 1350 1128 1362 ’

117 1430 293 1498 Vicarius
316 1428 520 1516 capitularis
544 1451 564 1494 a
596 1422 742 1516 capitulo
773 1430 854 1495 sedo
883 1425 1026 1495 vacante
1055 1426 1188 1515 eiigitur
1218 1441 1263 1495 cr

211 1521 382 1622 principiis
406 1529 545 1597 Concilii
563 1528 750 1598 Tridentini
772 1543 835 1599 nec
857 1528 1037 1620 capitulum
1061 1531 1262 1618 aliq'uidsibi

211 1645 388 1702 ‘reservare
410 1641 531 1723 potest.
576 1627 655 1702 Sia
679 1630 763 1702 Jure
787 1635 954 1702 Consultis
980 1633 1112 1720 singula
1135 1638 1262 1723 excipi-

211 1746 320 1821 untur,
343 1739 431 1803 hauc
451 1759 521 1802 rem
545 1741 668 1824 optime
692 1735 840 1825 explicat
858 1737 1042 1804 Lenrenius
1065 1736 1107 1803 de
1128 1737 1262 1803 vicario.

122 1841 298 1909 Vicatius
320 1839 486 1927 generalis
508 1839 669 1929 Episcopi
691 1849 770 1907 tunc
789 1839 995 1908 solummodo
1017 1841 1210 1924 instituitur,
1233 1843 1263 1906 ei

212 1948 391 2032 episcopus
413 1947 516 2012 variis
538 1943 682 2011 imbutus
706 1953 758 2012 est
779 1947 933 2031 negotiis,
963 1943 1017 2009 vel
1047 1947 1075 2009 si
1102 1947 1176 2032 ipse
1196 1964 1263 2010 uon

212 2055 265 2113 est
291 2047 414 2134 jurista
448 2047 502 2114 vel
532 2051 712 2114 canonista.
763 2047 809 2114 Et
844 2047 989 2112 vicarius
1019 2046 1184 2133 generalis
1218 2045 1262 2111 ad

212 2155 336 2234 omnia,
374 2171 461 2238 quae
498 2151 542 2215 ad
567 2150 831 2238 jurisdictionem
868 2149 922 2220 vei
944 2149 1261 2216 administrationem

211 2261 374 2342 spectant,
398 2256 618 2338 constituitur,
641 2257 705 2321 nisi
727 2253 825 2320 adest
848 2250 1000 2319 officialis
1031 2251 1085 2318 vel
1115 2272 1261 2319 oecono-

212 2367 293 2423 mus.
337 2355 456 2443 Neque
477 2375 559 2422 vero
583 2357 727 2423 officium
749 2355 852 2422 habat
882 2357 1012 2422 omnino
1034 2358 1260 2422 necessarium

210 2464 245 2526 in
266 2481 303 2526 re
332 2459 557 2544 hierarchica,
587 2460 647 2526 sed
673 2460 755 2526 illud
782 2467 990 2526 reservatum
1020 2465 1072 2523 'est
1101 2461 1260 2546 episcopo

208 2565 282 2652 ipsi.
297 2549 515 2649 Extempore
536 2562 693 2644 Bonifatii
702 2555 793 2630 VIII.
815 2559 934 2628 horum
955 2559 1154 2628 vicariorum
1165 2575 1260 2626 men-

209 2669 255 2734 tio
277 2665 369 2731 iacta
392 2673 452 2730 est
525 2657 528 2662 ’
982 2745 988 2754 ι

119 2767 292 2838 vicarius
314 2767 471 2836 foraneus
495 2768 642 2835 amoveri
662 2775 786 2856 potest,
809 2771 837 2835 si
860 2772 1018 2857 episcopo
1038 2765 1202 2856 displicet,
1225 2775 1260 2832 et

208 2872 312 2938 habet
337 2869 603 2956 jurisdictionem
631 2871 805 2938 limitatam
834 2870 868 2938 in
897 2893 934 2938 re
963 2875 1038 2959 ipsa
1070 2877 1104 2938 et
1131 2873 1166 2935 in
1199 2891 1259 2936 suo

208 2973 385 3041 territurio.
475 2991 477 2996 ·

253 3072 338 3145 Sunt
359 3079 473 3144 variae
496 3075 703 3145 differentiae
724 3079 810 3145 inter
840 3077 1000 3144 vicarium
1030 3074 1258 3163 capitularem,
1368 3149 1371 3154 ¹

209 3181 398 3268 generalem
422 3187 455 3245 et
477 3179 658 3247 foraneum.
680 3172 756 3247 Vid.
779 3173 862 3247 nn.
883 3183 918 3244 in
941 3177 1125 3266 appendice
1148 3177 1260 3244 edito-

171 3361 179 3372 ·
207 3295 281 3350 r'um
306 3288 523 3348 Cannensium.

115 3375 288 3454 Vientiu's
309 3383 510 3476 paroehialis
534 3394 585 3454 eet
607 3385 855 3474 velperpetuus
879 3394 912 3453 ct
934 3381 1037 3452 habet
1054 3385 1258 3469 beneficium,

207 3487 611 3576 veltemporariushabct,
624 3491 680 3576 qui
690 3501 871 3575 congruam
879 3486 940 3555 ssd
952 3497 1003 3557 est
1015 3486 1259 3553 amovibilis.1n
1337 3571 1340 3576 Ι

208 3590 375 3680 parochiis
387 3594 496 3655 uniti
506 3613 532 3675 s,
550 3593 757 3658 monasteriis
774 3601 808 3656 et
823 3593 1039 3658 conventibus
1055 3589 1258 3676 regularium

207 3695 352 3759 vicarius
374 3701 554 3780 perpetuus
578 3694 632 3758 vel
654 3694 815 3760 manualis
840 3689 1057 3762 desideratur.

241 3784 395 3882 Denique
410 3803 488 3861 sunt
505 3791 790 3863 administratores
803 3797 1044 3885 parochiarum,
1062 3795 1119 3883 qui
1130 3799 1258 3860 instru-

210 3906 309 3966 untur
340 3899 382 3963 ab
414 3901 572 3985 episcopo
603 3898 815 3984 dioeceseos,
837 3892 981 3987 ideoque
1010 3901 1053 3965 ab
1082 3915 1121 3966 co
1148 3902 1258 3964 nomi-

206 4009 327 4066 nantur
350 4009 384 4066 et
405 4004 578 4068 mittuntur
602 4039 641 4050 -
665 4011 902 4090 cooperatores
925 4017 1069 4090 quoque,
1092 4001 1257 4089 capellani

207 4139 249 4153 -
271 4108 466 4192 saepissime
489 4100 712 4191 cognominati
730 4109 862 4186 vicarii,
891 4126 958 4173 non
987 4124 1065 4172 raro
1095 4107 1138 4173 ab
1162 4109 1253 4194 epis·

208 4215 292 4294 cop'o
316 4207 421 4287 electi,
444 4208 504 4276 sed
526 4210 664 4276 arbitrio
686 4209 824 4298 parochi
847 4209 992 4276 obnoxii.

118 4310 374 4380 vicedominus
398 4349 433 4362 -
462 4311 546 4378 alter
569 4333 642 4398 ego.
665 4333 692 4378 c.
714 4313 744 4378 3.
766 4316 795 4377 4.
819 4309 894 4379 dist.
918 4309 969 4381 89.

122 4415 378 4485 vicedominus
401 4451 442 4466 -
465 4420 522 4505 qui
543 4422 649 4484 vicem
672 4420 842 4486 oeconomi
863 4425 966 4509 toust,
990 4419 1071 4508 'crgo
1092 4421 1126 4486 in
1147 4419 1256 4488 hacne
