3108 5138
759 349 974 418 ..88-

393 526 589 616 qualitatem
611 525 723 610 proles
745 523 823 592 inda
853 532 928 590 orta
958 545 1003 590 ex
1029 527 1105 612 jure
1132 527 1221 592 civili
1246 527 1375 612 juribus
1409 533 1445 590 et

385 630 570 720 privilegiis
592 628 813 714 legitimorum
845 628 987 694 illiorum
1011 635 1045 694 et
1066 629 1208 696 filiarum
1237 651 1304 696 non
1324 632 1444 695 utitur.

301 748 593 835 Concupiscentia
614 752 645 812 id
669 756 720 812 est
744 747 933 812 stimulatio.
979 745 1079 830 nure,
1102 771 1127 814 s.
1150 748 1181 812 h.
1203 772 1235 814 v.

301 857 510 920 Concursus
533 851 751 938 parochialis:
774 850 813 914 Iu
836 849 1013 915 collatione
1035 851 1270 916 beneficiorum
1283 855 1444 939 parochi-

386 957 485 1020 alium
509 956 552 1019 ab
576 955 742 1039 episcopis
771 953 827 1017 ille
850 971 1033 1018 concursus
1063 953 1273 1020 adhibendus
1304 963 1372 1038 est,
1406 965 1444 1020 ut

388 1057 585 1124 candidatus
624 1055 801 1139 dignior
833 1055 985 1142 eligatur.
1030 1055 1095 1120 Est
1120 1055 1179 1121 vel
1209 1055 1364 1143 specialis
1398 1061 1444 1122 ad

387 1161 529 1248 quodvis
553 1161 749 1223 beneficium
770 1159 825 1223 vel
848 1157 1014 1241 generalis
1038 1159 1082 1224 ad
1104 1159 1267 1224 1160011010
1285 1163 1356 1246 jam
1378 1183 1444 1226 va-

388 1265 499 1330 cantia
528 1261 583 1326 vel
605 1269 777 1326 vacatura.
821 1261 1080 1326 Examinatores
1111 1259 1334 1327 constituendi
1364 1272 1445 1329 sunt

387 1389 408 1432 a
430 1365 560 1452 synodo
584 1365 794 1448 dioecesana,
826 1372 860 1429 et
889 1372 1067 1450 practerea
1097 1364 1140 1428 ab
1171 1366 1330 1450 episcopo
1359 1389 1443 1452 pro-

387 1467 564 1555 synodales
595 1468 848 1531 constituuntur.
894 1471 1047 1529 nanetus
1070 1465 1115 1531 de
1142 1485 1305 1532 concursu
1337 1489 1445 1555 paro-

388 1570 501 1636 chiali:
524 1575 702 1633 Benedictio
722 1569 819 1635 XIV.
842 1570 913 1635 des.
937 1572 964 1633 1.
996 1569 1100 1635 dioec.
1123 1572 1156 1632 in
1177 1570 1303 1655 indice,
1332 1575 1445 1650 Lupoli

385 1677 471 1760 juris
496 1674 612 1739 eccles.
635 1673 878 1758 praelectiones
902 1673 954 1737 ed.
975 1670 1120 1738 Bassani
1142 1693 1173 1758 p.
1196 1673 1255 1737 ΠΙ.
1278 1695 1310 1759 p.
1332 1676 1408 1740 315.

303 1796 511 1860 Concursus
532 1796 647 1858 existit
659 1796 759 1857 etiam
770 1793 803 1856 in
819 1801 999 1878 patronatu
1013 1793 1249 1878 ecclesiastico,
1270 1795 1328 1859 sed
1341 1817 1445 1880 prae-

390 1900 534 1962 sentatio
558 1895 602 1960 ad
623 1897 807 1960 Patronum
829 1903 971 1981 spectat.
1010 1893 1047 1962 Si
1071 1903 1269 1982 patronatus
1291 1901 1335 1962 sit
1357 1899 1445 1962 lai-

390 2021 480 2083 cus,
499 1999 661 2085 judicium
684 1999 726 2064 ab
751 1988 1034 2064 examinatoribus
1059 2000 1228 2084 deputatis
1248 2001 1445 2086 approban-

392 2103 470 2168 dum
492 2139 533 2150 —
556 2103 628 2168 sed
652 2105 744 2168 sinc
767 2123 976 2166 concursu
999 2101 1160 2187 patronus
1185 2111 1300 2187 potest
1323 2111 1357 2168 et
1382 2105 1445 2168 de-

390 2207 452 2272 bet
473 2205 604 2292 eligere.
649 2207 827 2268 Benedictus
848 2203 945 2269 XIV.
969 2207 1020 2268 cit.

306 2325 558 2393 condemnatio
581 2328 845 2413 propositionum
866 2329 900 2388 in
923 2325 1071 2409 globo,
1099 2329 1128 2390 si
1151 2335 1273 2411 agatur
1296 2328 1338 2392 de
1363 2351 1444 2394 cen-

391 2453 470 2496 sura
493 2429 693 2514 generali.
739 2431 855 2500 Daunii,
878 2429 994 2492 institi.
1021 2429 1062 2493 de
1087 2428 1179 2494 libris
1206 2431 1345 2515 improb.
1369 2431 1441 2496 lec-

392 2537 470 2597 tion.
492 2531 519 2617 ξ.
544 2535 572 2596 6,
596 2555 644 2597 nr.
667 2535 696 2596 4.

305 2652 534 2723 Conditioues
560 2656 594 2718 iu
623 2655 829 2723 matrimonio
860 2660 937 2718 sunt
966 2656 1096 2718 variae:
1127 2675 1193 2718 non
1223 2653 1445 2720 admittuntur

372 2763 508 2850 *eontra
530 2753 764 2823 substantialia
781 2757 988 2856 matrimonii.
1011 2753 1055 2840 gl.
1071 2753 1113 2820 ad
1137 2777 1162 2820 0.
1181 2759 1209 2820 6.
1234 2752 1270 2822 C.
1284 2757 1443 2824 XXXII.

394 2881 447 2945 qu.
473 2860 501 2921 2.
524 2855 591 2940 (ed.
613 2855 786 2961 Venetrp·
811 2853 920 2942 1498).

247 3062 249 3067 ,
308 2977 493 3047 Confessio
517 2976 593 3042 oris
617 2984 670 3042 est
684 2981 890 3044 necesaria.
928 2978 1043 3064 glossa
1065 2978 1110 3042 ad
1134 2999 1160 3042 c.
1184 2981 1235 3044 87.
1257 2981 1299 3046 de
1321 2983 1445 3065 poenit.

391 3083 467 3147 dist.
488 3084 517 3146 1.
1132 3143 1135 3150 ,
1188 3140 1191 3148 r

308 3185 494 3252 Confessio
524 3207 545 3249 a
573 3184 752 3252 sacerdote
784 3187 859 3271 ipso
894 3185 1059 3262 facienda,
1083 3189 1223 3250 Ferraria
1255 3187 1444 3265 additiones

395 3294 575 3354 Caainernea
1164 3365 1167 3372 Ι
1211 3363 1215 3368 Δ
1345 3315 1346 3318 ’

305 3391 628 3459 Confessionarius.
651 3392 738 3458 Vide
759 3413 861 3478 opera
890 3389 1081 3476 theologiae
1105 3393 1252 3460 moralis.
1276 3415 1303 3458 6.
1325 3415 1356 3478 g.
1379 3394 1446 3458 Al-

391 3497 512 3585 phonsi
542 3517 562 3560 a
592 3498 716 3575 Lipario
747 3494 1012 3580 ——ejusdem
1051 3493 1169 3580 „homo
1200 3497 1446 3582 apostolicus“:

390 3603 545 3662 Benedicti
565 3597 662 3664 XIV.
685 3601 718 3662 in
741 3599 889 3683 ejusdem
911 3597 1052 3662 bullario
1074 3600 1189 3683 tomI.
1214 3603 1303 3664 etin
1323 3603 1443 3666 institt.

393 3705 509 3770 eccles.
1179 3755 1182 3766 .
1242 3731 1246 3738 ·

307 3823 632 3890 Coniessionnrius.
657 3821 841 3888 sollicitans
863 3844 893 3886 v.
916 3825 1104 3889 Feretrios.
1127 3846 1159 3889 v.
1181 3824 1379 3892 sollicitatio.

308 3929 512 3992 Confessor.
534 3925 612 3991 vide
634 3927 837 4009 martyrium

306 4028 558 4096 Confirnintior
580 4036 833 4118 sacramentum.
893 4043 894 4050 ¹
933 4070 958 4111 3

306 4131 537 4199 Confirmatio
567 4140 620 4197 est
657 4141 750 4198 actus
776 4186 779 4195 s
785 4132 1025 4216 jurisdictionis
1053 4134 1262 4201 voluntariae
1292 4145 1334 4182 '·-
1364 4157 1445 4200 mox

390 4238 611 4320 necessarius,
633 4241 712 4300 mox
734 4235 824 4302 utilis
854 4235 909 4300 vel
934 4235 1071 4303 inutilis.
1100 4237 1141 4304 V.
1163 4239 1221 4304 ult.
1245 4241 1294 4304 tit.
1317 4241 1364 4306 Χ.
1387 4239 1443 4307 lib.

395 4342 435 4427 2.,
459 4341 570 4431 quoad
591 4340 752 4409 beneficia
775 4339 862 4410 Vide
884 4342 1046 4412 Provisio.
