3088 5140
722 313 958 382 -168-

279 487 422 558 Serlnia
443 493 464 556 i.
487 509 513 558 e.
538 489 708 556 archivum
742 509 770 556 a.
792 509 825 576 g.
846 488 1068 556 lateranense.
1112 485 1187 556 Lib.
1210 485 1321 554 diurn.
1348 505 1439 574 pag.

279 591 498 764 soriiiorige
527 695 717 784 appellatur
746 695 882 764 tabellio
913 703 948 762 et
978 703 1031 764 eet
1059 693 1200 779 vulgare
1228 693 1439 761 Romanum

363 804 384 866 i.
407 821 433 866 e.
455 798 654 878 vocabulum
676 797 766 886 apud
777 797 946 866 Romanos
965 805 1095 866 tantum
1106 800 1272 866 usitatum.
1295 797 1360 866 Gl.
1388 797 1438 862 ad

366 902 671 970 affixum

279 1005 468 1092 Scriptura

321 1107 357 1196 a)
380 1109 570 1176 authentica
592 1112 613 1174 i.
637 1129 665 1178 e.
688 1107 823 1196 publica
846 1106 1017 1194 originalia
1039 1107 1095 1176 vel
1117 1128 1138 1174 a
1160 1108 1325 1195 scriptore
1353 1110 1436 1195 pri-

382 1219 462 1278 vato
485 1213 668 1298 recognita,

322 1315 360 1400 b)
383 1315 538 1402 exempla
559 1318 578 1380 i.
603 1335 630 1382 e.
653 1317 763 1402 eopia,
786 1317 887 1380 etiam
909 1313 1098 1402 exemplar:

323 1417 356 1504 o)
379 1417 636 1505 exemplilioata‚
659 1438 746 1504 quae
768 1420 937 1504 propriam
967 1418 1072 1486 habet¹
1090 1420 1176 1502 vim,
1205 1421 1234 1484 si
1261 1418 1434 1505 specialis

382 1523 448 1608 ipsi
457 1521 541 1588 fides
554 1507 635 1588 data
649 1529 709 1587 set.
735 1542 762 1586 o.
779 1523 807 1586 1.
829 1522 933 1589 etult
944 1523 991 1589 X.
1004 1525 1034 1606 2,
1047 1524 1098 1588 22.
1109 1545 1139 1587 v.
1158 1525 1433 1588 instrumentum.
1525 1583 1526 1624 ᾗ

281 1625 485 1709 serupulus
506 1628 527 1690 i.
550 1645 577 1690 e.
601 1627 824 1690 eonscientiae
846 1625 1050 1713 scrupulosa

282 1727 501 1794 Serulinium
524 1736 577 1794 est
599 1747 740 1794 examen
763 1727 1020 1794 ordinandorum
1044 1727 1086 1796 de
1105 1737 1228 1812 aetate,
1261 1728 1432 1813 moribus,
1525 1719 1526 1732 ¹

368 1832 509 1920 aliisque
532 1830 749 1918 qualitatibus
782 1830 826 1896 ad
849 1831 994 1898 ordinem
1026 1832 1272 1919 suscipiendum
1300 1853 1431 1898 necee-

368 1956 475 2002 earne.

283 2037 503 2106 Sorutiniunr
525 2040 558 2102 in
580 2057 681 2104 sensu
703 2037 842 2124 speciali
863 2046 915 2104 est
936 2039 1054 2105 modus
1072 2039 1217 2124 eligendi
1233 2041 1430 2127 opIsoopoe.

369 2141 528 2208 Scrutinii
560 2143 669 2208 forma
699 2149 752 2208 eat
780 2141 879 2208 valde
910 2141 1064 2208 difficilis.
1110 2142 1163 2209 GI.
1193 2143 1237 2208 ad
1267 2162 1293 2208 o.
1317 2145 1371 2210 29.
1393 2147 1430 2208 in
1525 2129 1526 2132 ¹

370 2245 443 2313 vn.
465 2245 490 2311 1.
514 2246 543 2310 6.

136 2315 142 2326 .
285 2349 417 2435 Soulpa
441 2385 482 2398 -
504 2369 606 2436 saepe
628 2347 789 2416 sculta-
802 2349 970 2416 auxilium.
993 2370 1019 2416 o.
1036 2349 1086 2415 18.
1109 2347 1147 2416 Ο.
1161 2348 1299 2416 XXIII.
1324 2371 1382 2435 qu.
1395 2352 1425 2415 8.

371 2451 571 2520 scultatoros
593 2455 614 2518 i.
637 2473 664 2518 a.
687 2451 927 2538 exploratores.
956 2455 998 2516 du
1020 2457 1139 2518 Fratue.
1168 2456 1302 2516 Bitmar
1325 2451 1371 2517 ad
1395 2453 1427 2517 h.

368 2556 390 2621 l.
412 2563 480 2622 not.
502 2556 553 2622 53.
1093 2557 1105 2574 ⁵

285 2657 464 2742 scutiferi,
487 2658 762 2725 Vieaoanoellorii
784 2667 846 2725 eto.
867 2661 1029 2724 Brononti.

286 2762 436 2828 Soulum
470 2783 623 2841 aureum,
661 2783 705 2829 ex
727 2771 809 2850 quot
832 2763 940 2849 paulis
976 2763 1205 2829 constituatur.
1235 2785 1266 2827 v.
1290 2771 1429 2828 moneta

371 2865 532 2932 Romana.
757 2933 760 2942 .

287 2967 501 3052 Scyllaeon,
524 2972 582 3056 qui
603 2972 774 3057 proprium
796 2970 1048 3036 trucidaverunt
1077 2972 1279 3057 episcopum
1324 2991 1351 3034 r.
1373 2967 1428 3035 25.

373 3071 410 3140 Ο.
433 3071 553 3140 XXV.
575 3094 628 3160 qu.
652 3076 680 3138 2.

288 3175 474 3242 §neretum
486 3185 621 3263 praetor
637 3183 805 3243 secretum
816 3177 1033 3244 confessionis
1049 3163 1302 3242 eaeremontalis
1313 3183 1430 3261 potest

1483 2559 1489 2566 .
1525 2365 1528 2538 l

1523 2725 1528 2886 1

373 3279 500 3365 aliquid
522 3279 587 3345 diei
607 3282 752 3366 quinque
775 3282 985 3366 potissimum
1013 3277 1130 3344 modis.
1175 3281 1258 3342 Fara
1304 3277 1428 3346 Secre-

372 3384 477 3448 tarius
508 3385 564 3468 qui
589 3381 631 3448 de
660 3381 724 3446 hao
753 3403 928 3448 nonomen
951 3384 1092 3468 aceepit,
1120 3375 1208 3448 idem
1238 3391 1292 3450 est
1322 3389 1428 3467 atque

375 3484 601 3551 cancellarius.
858 3469 863 3478 ¹

289 3589 474 3656 §coretum
495 3592 515 3652 i.
539 3609 566 3655 e.
588 3587 733 3676 sigillum
755 3591 982 3656 confessionis.

290 3694 434 3760 Sestos:
470 3709 583 3760 aarum
621 3696 749 3780 speeies
782 3694 948 3780 prloribne
982 3692 1199 3780 temporibus.
1245 3713 1264 3756 o
1303 3690 1354 3757 39.
1385 3687 1423 3755 C.

375 3793 511 3863 XXIV.
534 3817 588 3881 qu.
610 3796 639 3860 3.
684 3800 876 3880 Ruppreeltt,
899 3803 966 3863 not.
988 3795 1067 3864 hist.
1089 3795 1144 3860 lib.
1169 3794 1198 3860 5.
1221 3795 1272 3860 tit.
1296 3795 1325 3858 7.
1347 3815 1425 3880 pag.

269 3980 271 3986 ‚
377 3900 439 3966 233
450 3921 520 3986 seq.
943 3916 946 3922 ·

292 4002 414 4084 senos,
436 4026 467 4069 v.
490 4025 624 4072 scamna
646 4003 804 4091 Apostoli
824 4002 879 4070 vel
900 4003 1068 4070 laicorum.

154 4141 160 4156 ι
292 4104 404 4172 Sedes
427 4141 468 4152 -
491 4110 701 4174 sanctissima
723 4105 819 4174 sedes
866 4107 984 4172 summi
1004 4105 1182 4192 pontificis,
1205 4100 1304 4170 eadee
1326 4103 1424 4190 ‘epie-

376 4213 460 4296 copi,
473 4210 615 4295 abbatis,
628 4219 661 4278 et
673 4231 806 4299 quoque
818 4231 1037 4296 personarum
1047 4208 1216 4290 laieorum,
1239 4227 1268 4275 e.
1280 4228 1311 4294 g.
1323 4226 1423 4296 praa-

376 4313 465 4382 feoti.
511 4312 617 4381 Sedes
640 4336 774 4381 vanans.
