3080 5150
569 392 786 460 ...65-

101 567 355 652 Evangelistnc
376 573 538 654 quotuor:
559 567 711 654 hominis,
732 567 849 649 leonis,
871 567 967 635 bovis
989 567 1178 657 etoquilee,
1197 567 1242 658 gl

101 673 243 844 Evodilr
261 671 544 856 llldmcidculnilio,
568 775 834 862 circumspectio,
859 779 949 840 Pauli
966 775 1031 864 Ap.
1050 776 1095 842 nd
1112 781 1245 858 Philipp.

193 880 223 944 3.
247 879 385 942 17-21.
406 879 436 940 4.
460 876 555 942 1-3.

102 985 254 1050 Euouue
277 983 421 1046 occurrit
440 982 475 1044 in
486 979 613 1044 Ritnsli
627 980 779 1048 Romano
790 1017 832 1032 —-
846 983 992 1050 officium
1013 983 1246 1050 defunctorum

192 1093 227 1151 et
249 1085 415 1177 significet
436 1083 571 1150 vocales
592 1084 771 1150 verborum
795 1087 1025 1171 „soeculorum
1047 1085 1187 1154 Amen.“

314 1186 400 1252 Ele
431 1184 478 1252 Se
497 1216 540 1234 -·

314 1290 348 1358 U
367 1310 391 1356 u
435 1291 489 1356 cul
508 1323 551 1340 -

317 1393 391 1462 Οο
435 1416 474 1460 or
496 1430 539 1442 -

314 1497 348 1564 U
369 1519 392 1564 u
434 1519 490 1564 um
512 1531 555 1548 —-

315 1601 391 1668 As
435 1623 489 1667 sm
510 1637 553 1650 -
678 1653 681 1658 .
731 1653 734 1661 .

314 1704 384 1771 Ee
427 1725 469 1772 cn
490 1741 532 1756 -

195 1811 307 1891 Lump,
329 1807 391 1874 der
412 1807 679 1896 Chorclgesnng.
701 1809 868 1896 Freiburg
890 1807 986 1876 1837
1006 1807 1049 1877 S
1062 1807 1148 1878 XX
1170 1811 1247 1877 Non

196 1911 476 1978 commiscendum
510 1933 584 1976 cum
614 1912 777 1980 vocabulo
811 1911 937 1998 „svoe“
972 1934 1060 2001 quse
1093 1923 1146 1980 cet
1177 1935 1247 1980 vox

194 2016 575 2085 bacchantiumfflorccll.

105 2117 379 2185 Examinntores
397 2117 654 2205 ‘prosynodeles
684 2153 725 2168 -
752 2142 784 2185 v.
813 2118 1004 2188 Concursus
1033 2119 1247 2208 parochialis.

193 2221 251 2288 Ex
274 2221 424 2288 Concilio
447 2221 643 2287 Tridentino
666 2226 829 2288 nominari
851 2223 1005 2288 solebant
1033 2245 1096 2289 sex
1118 2227 1248 2290 exemi-

193 2333 347 2410 nstores,
369 2325 513 2412 ideoque
528 2325 786 2412 appellabantur
800 2325 992 2411 synodales,
1007 2326 1069 2391 sed
1080 2347 1154 2392 oum
1166 2348 1247 2392 con-

194 2432 345 2515 gregatio
362 2428 532 2513 synodalis
544 2450 610 2494 non
621 2451 699 2494 raro
716 2429 884 2514 deficeret,
908 2429 1051 2495 obtinuit
1068 2434 1244 2518 episeopus

193 2535 292 2618 qussi
310 2531 419 2617 judex
441 2538 474 2597 et
495 2539 606 2598 rector
629 2531 750 2618 synodi
771 2567 814 2586 -η
837 2531 1024 2599 ordinarius
1051 2533 1248 2599 facultatem

195 2639 441 2705 examinatores
466 2636 690 2702 constituendi
711 2635 774 2702 sub
801 2639 933 2703 nomine
961 2635 1248 2724 ,prosynodeles“

172 2743 310 2806 <Remu
321 2739 420 2805 XIV.
432 2738 499 2804 ds.
512 2739 543 2802 d.
555 2739 652 2804 litt
672 2761 699 2804 c.
719 2741 748 2804 7.
768 2761 818 2816 nr.
842 2743 891 2805 10.
931 2742 1034 2804 Ginzcl
1054 2741 1108 2806 die
1127 2740 1249 2806 Pfsrr-

199 2843 497 2929 ooncurspriifung.
518 2839 728 2910 Wien1855.
759 2847 897 2924 Phillipc,
922 2843 1093 2932 compend.
1101 2843 1166 2930 jur.
1178 2865 1249 2912 een.

162 2981 165 2989 .
192 2943 223 3032 ἓ.
248 2949 319 3014 138.
535 2975 538 2982 ’

104 3050 292 3136 Exceptior
807 3101 811 3110 .

150 3153 188 3240 a)
209 3157 244 3219 in
265 3153 394 3220 ordinev
399 3153 599 3240 judiciorum
621 3153 712 3241 opud
727 3154 898 3224 somnos
915 3157 1069 3242 exceptio
1084 3153 1249 3220 formulae

208 3257 326 3345 judicii
345 3257 522 3324 inserendo
545 3263 628 3340 erut,
651 3278 718 3323 non
739 3279 816 3324 raro
832 3265 951 3324 sutem
979 3261 1015 3322 in
1042 3258 1152 3324 bones
1169 3257 1250 3324 fidei

214 3361 398 3427 actionibus
422 3361 577 3448 exceptio
596 3359 702 3446 judici
722 3360 839 3426 relicte
861 3367 921 3427 est.
942 3361 982 3428 In
1002 3369 1146 3450 utroque
1168 3383 1249 3428 cusu

214 3463 369 3552 exceptio
392 3465 613 3552 proveniebat
636 3485 680 3530 ex
698 3465 776 3550 jure
797 3485 906 3551 aequo
930 3473 965 3531 et
985 3465 1085 3531 bono-

257 3569 340 3636 Jure
363 3569 572 3636 Justinioneo
602 3571 758 3655 exceptio
787 3590 917 3657 semper
948 3569 1071 3656 judicis
1107 3569 1247 3634 arbitrio

151 3679 152 3684 ’
213 3669 434 3760 competebat,
458 3679 491 3740 et
512 3673 712 3740 vocabulum
736 3672 933 3759 „exceptio“
955 3675 1075 3738 inusu
1095 3691 1249 3738 remone-

214 3775 284 3860 bst,
308 3779 386 3862 quio
408 3777 575 3862 prioribus
605 3776 812 3863 temporibus
842 3783 915 3842 eret
943 3775 1146 3842 adhibitum:
1176 3771 1254 3841 eret'

209 3879 318 3965 juris
349 3879 559 3966 specialis
590 3883 756 3966 exceptio.
806 3877 853 3945 Et
880 3879 963 3944 fecti
1000 3881 1155 3966 exceptio
1183 3899 1250 3944 non

212 4003 331 4050 revere
353 3992 427 4049 eret
449 3984 615 4070 exceptio,
639 3985 668 4048 si
689 4004 767 4049 reus
798 3989 898 4048 extre
925 3985 1175 4070 responsionem
1205 3979 1250 4046 ad

213 4087 307 4152 fecte
329 4087 372 4152 eb
395 4095 510 4154 actore
532 4093 680 4172 narrate,
703 4087 876 4154 solutionis
898 4086 1048 4154 remedie
1077 4107 1129 4154 ex
1153 4087 1249 4172 jure

214 4193 421 4256 communi
442 4191 598 4277 prolerre
625 4197 771 4277 poterat

148 4293 225 4380 b)
210 4315 288 4379 June
317 4295 477 4360 canonico
500 4295 656 4382 exceptio
681 4296 819 4380 quaevis
856 4292 1015 4361 defensio
1048 4257 1248 4381 appelletur,

215 4419 303 4484 quse
325 4402 505 4486 opponitur
533 4399 602 4467 litis
625 4399 891 4472 contestctrom
881 4421 901 4463 1
924 4420 965 4466 e
975 4398 1183 4492 responsioni
1205 4393 1249 4460 sd

1073 4499 1094 4566 ὅ
