3088 5140
523 399 759 468 -15‘1-

60 574 237 642 Rationis
259 595 352 641 usus

112 678 152 763 a)
179 683 269 744 oiroa
285 680 492 764 septennium
506 677 663 743 inchoare
677 677 772 742 solet.
785 680 894 742 Bened.
905 677 1002 744 XIV.
1020 679 1211 746 constitutio

179 790 369 867 „postremo
391 779 526 845 mense“

109 883 153 968 b)
177 891 296 948 eontra
322 882 481 949 infideles.
526 879 632 948 Saora
660 882 778 948 indicis
807 885 1026 968 congregatio
1058 885 1109 950 11.
1133 883 1210 950 Jun.

180 986 274 1053 1855.
317 989 463 1068 Itosetirt,
482 985 539 1070 jus
563 1005 678 1050 oanon.
701 1005 732 1071 p.
757 985 830 1051 624.

58 1087 372 1174 Rebaptizentur,
396 1090 507 1174 quiin
538 1091 668 1154 nomine
699 1085 733 1154 S.
756 1087 931 1155 Trinitatis
961 1088 1125 1175 baptizati
1146 1110 1212 1156 non

158 1193 294 1258 fuerint.

233 1317 260 1358 o.
282 1296 333 1359 84.
355 1292 433 1359 dist.
455 1297 486 1358 4.
509 1294 552 1359 de
573 1315 719 1360 conseer.

62 1395 326 1481 {receptorium
348 1431 390 1444 --
413 1399 638 1480 secretarium,
661 1397 867 1462 diaconioum
889 1417 1062 1483 magnum,
1084 1401 1212 1464 vestia-

161 1504 257 1584 rium,
280 1501 336 1566 ubi
351 1499 514 1588 Episcopi
525 1521 641 1566 seoras
653 1508 765 1566 vestes
778 1499 969 1566 induebant.
992 1491 1102 1564 Bmeit.
1114 1500 1212 1568 XIV.

166 1603 199 1667 d.
221 1625 247 1668 s.
279 1603 311 1668 d.
332 1601 388 1668 lib.
410 1603 470 1668 111.
493 1623 520 1668 o.
541 1602 606 1668 XI.
628 1625 676 1667 nr.
699 1603 728 1668 5.
751 1603 791 1668 V.
815 1624 949 1689 quoque
971 1604 1211 1670 salutatorium.

63 1707 262 1775 Recursus
284 1705 328 1770 ad
345 1705 492 1792 judicem
514 1705 635 1773 laioum
657 1727 723 1771 non
746 1709 915 1774 statuitur.
937 1707 1086 1770 Ferraria.

63 1807 267 1876 Raeuaatio
286 1808 410 1893 judicis
433 1845 474 1856 -
497 1829 564 1872 non
586 1829 630 1873 ex
649 1809 726 1893 jure
748 1809 919 1893 Romano,
950 1829 992 1875 no
1020 1814 1212 1874 Juntuiamo

160 1911 305 1998 quidem,
328 1911 388 1976 sed
411 1933 454 1978 ex
473 1911 550 1996 jure
563 1909 731 1977 Oanouioo
756 1899 971 1998 dijudicanda
994 1915 1213 1984 estltouhirt

158 2015 302 2080 historia
333 2013 527 2099 dogmatum
542 2014 628 2098 juris
660 2015 743 2108 oivil.
765 2037 798 2101 p.
821 2015 872 2082 83.
896 2021 930 2080 et
957 2015 1081 2082 ibidem
1104 2014 1212 2082 allati:

159 2121 234 2202 Ate,
256 2121 413 2202 Bortetas,
436 2120 596 2182 noronte.

67 2220 224 2289 aeditus
255 2223 354 2286 annui
381 2223 467 2288 inter
495 2221 676 2288 immobilia
705 2227 947 2309 computantur.
992 2220 1095 2288 Clam.
1119 2223 1147 2287 1.
1170 2220 1213 2288 de

69 2426 249 2496 uetustis
271 2431 454 2494 missarum.
499 2431 612 2494 Bened.
634 2428 665 2494 (l.
687 2449 714 2495 s.
732 2428 763 2497 d.
785 2427 902 2495 Index.

70 2530 367 2611 peruenturus,

116 2633 152 2718 a)
174 2638 194 2700 i.
218 2655 245 2700 e.
267 2632 432 2716 officialis,
455 2636 513 2721 qui
542 2633 641 2700 datur
670 2634 715 2700 ad
745 2653 880 2702 oausam
898 2631 1092 2720 judicialem
1121 2632 1213 2702 refe-

178 2737 325 2804 rendam.
348 2736 401 2804 Gl.
423 2737 467 2802 ad
489 2758 516 2803 o.
538 2755 591 2803 un.
614 2736 656 2828 do
679 2739 791 2804 oifioio
809 2737 883 2824 jud.
905 2737 975 2805 orl

115 2839 155 2925 b)
182 2839 304 2909 Curiae
325 2840 499 2906 Romanae
520 2843 695 2926 utriusque
716 2842 920 2926 signaturae.

235 2948 389 3007 Braneati
409 2965 436 3010 s.
447 2942 479 3009 h.
490 2965 521 3009 v.
543 2943 722 3009 Antiani
743 2943 950 3030 praecedunt
959 2945 1043 3026 aliis,
1066 2945 1214 3012 etiamsi

230 3050 287 3112 isti
309 3054 422 3113 essent
444 3049 602 3133 episcopi.

72 3149 375 3218 Reituotarii-i.
398 3169 425 3217 s.
448 3156 627 3236 apostatae
650 3158 684 3218 et
705 3149 874 3216 obstinati.
896 3153 1009 3216 Rauen.
1031 3150 1074 3216 de
1096 3147 1213 3235 synod.

161 3253 267 3320 dioec.

72 3359 235 3440 aegeus:
265 3359 426 3443 magister
455 3377 577 3443 regens
603 3359 637 3422 in
659 3355 770 3423 studio
799 3353 948 3442 generali
970 3389 1012 3404 -
1034 3355 1214 3442 opponitur

161 3481 230 3526 non
251 3481 382 3546 regens.

73 3564 237 3646 Regalis:
269 3567 302 3628 in
325 3562 531 3629 cancellariis
555 3571 589 3628 et
611 3562 702 3650 apud
731 3565 1021 3650 poenitentiarium
1043 3561 1214 3648 maiorem.

72 3668 218 3749 Regeus
240 3670 275 3732 et
297 3667 506 3749 subtegens
529 3669 563 3732 in
586 3667 726 3752 singulis
750 3669 942 3734 seminariis.

72 3771 231 3852 Regosta
252 3805 293 3818 -
316 3770 470 3836 collectio
499 3770 658 3837 historica
690 3772 889 3857 praesertim
918 3789 963 3834 ex
993 3770 1078 3834 actis
1100 3769 1214 3854 ponti·

160 3874 278 3938 ficum:
309 3909 350 3922 -
380 3874 524 3960 fonsque
561 3873 796 3939 subtilissimus
833 3875 938 3938 omnis
970 3870 1131 3936 historiae
1161 3877 1214 3936 ost

162 3976 346 4057 archivium
367 3975 562 4042 Romanum.
584 3981 615 4038 J.
628 3981 665 4040 H.
683 3979 816 4039 Bt'tmer
834 3978 868 4041 in
887 3973 1077 4060 praefat.
1100 3971 1144 4038 ad
1165 3971 1214 4040 X.

161 4077 204 4144 IL
228 4079 257 4146 2.
279 4087 346 4145 not
370 4081 400 4144 4.
423 4078 473 4144 50.
495 4086 563 4144 not.
587 4079 616 4143 5.

72 4178 212 4264 Regino
235 4180 279 4246 de
289 4180 506 4266 synodalibus
533 4183 660 4247 nausis:
682 4202 815 4268 semper
834 4179 877 4246 ad
892 4179 1070 4246 editionem
1093 4178 1215 4244 eoele-

164 4283 310 4350 berrimo
348 4286 633 4348 Wouersettetento
662 4286 856 4352 oonfootam·
879 4283 1115 4350 recurrendum
1151 4287 1214 4344 est.

72 4388 235 4473 Regulos
257 4387 501 4456 cancellariae.
523 4387 645 4454 Frano.
667 4387 710 4454 de
736 4388 965 4455 Patavinis
987 4389 1021 4452 in
1042 4385 1213 4471 prooemio
