3080 5150
553 412 595 430 ·-
636 369 702 448 na
746 411 788 432 -

95 547 296 622 hunuanus
319 585 361 600 -
383 554 483 639 quasi
503 552 660 634 furiosus,
683 559 736 620 est
756 551 961 638 irregularis.

95 656 261 727 Luxuria
283 693 326 726 -,
347 653 513 726 mollities.
536 658 620 722 Far.
643 677 669 722 e.
691 656 722 722 h.
735 678 765 722 v.
787 663 961 742 peecatum
981 655 1143 722 luxuriae·
1158 637 1238 702 ΡΜ·

189 765 292 828 aaut
312 782 345 847 p.
368 761 440 826 616.
462 757 502 824 V.
525 761 724 828 virtuteset
745 767 894 846 peecata.

647 1125 704 1222 M.

93 1386 297 1458 Maeellarii
311 1423 353 1438 ·-
376 1387 455 1474 quia
475 1405 599 1473 peoora
620 1387 674 1454 vel
696 1386 925 1474 quadrupedia
942 1395 1101 1473 mactant,
1124 1405 1146 1454 a
1167 1409 1240 1454 ma-

191 1490 284 1560 cello.
307 1491 352 1579 gl.
373 1490 418 1556 ad
440 1490 532 1558 olem.
556 1493 584 1558 1.
606 1489 666 1556 m.
689 1493 718 1556 1.

95 1595 246 1664 Madian
260 1631 302 1644 -
323 1597 472 1660 iuimicus
494 1593 731 1659 Israeliterum.
774 1593 816 1660 V.
837 1597 957 1660 Morari.
977 1599 1096 1675 Joaaph.
1116 1597 1240 1682 antiqu.

190 1699 350 1766 Judaeor.
381 1701 536 1761 innocent.
550 1697 611 1764 ΠΙ
633 1696 677 1762 ad
694 1697 796 1783 legat
819 1696 962 1783 Galliae,
983 1699 1034 1764 31.
1055 1699 1125 1765 Mai
1149 1701 1241 1765 1204.

98 1802 274 1887 Magister
296 1837 337 1852 «-
367 1821 488 1868 nomeu
516 1800 580 1867 hoe
610 1800 732 1870 dieitur
762 1822 783 1865 a
811 1801 971 1868 monacho
996 1803 1073 1868 eive
1103 1821 1241 1868 amon-

191 1905 340 1973 strando.
370 1903 414 1992 gt
437 1903 482 1969 ad
505 1925 532 1969 o.
557 1903 654 1970 LX.
677 1903 719 1970 V.
743 1904 771 1969 5.

101 2009 275 2093 Magister
297 2031 318 2074 a
340 2010 543 2094 magistratu
564 2009 583 2070 i.
607 2029 634 2074 e.
655 2015 827 2094 potestate
847 2029 966 2077 nomen
987 2009 1111 2075 habet:
1133 2016 1167 2075 et
1189 2015 1242 2075 est

190 2115 352 2200 magister
373 2114 525 2198 privatus
554 2113 573 2174 i.
596 2131 623 2176 e.
652 2113 686 2175 in
716 2109 866 2178 docendo
890 2111 932 2160 4-
960 2131 1082 2198 regens
1113 2120 1148 2179 et
1175 2131 1242 2178 non

192 2237 331 2303 regense
352 2249 394 2262 ·—
410 2219 453 2282 'et
473 2217 635 2300 magister
661 2213 831 2300 publicus,
861 2235 881 2281 e
902 2214 1065 2280 cathedra
1086 2215 1242 2301 pontifex

191 2321 289 2406 quasi
317 2339 437 2404 regens
467 2317 651 2384 eeclesiam.
699 2316 775 2384 Hoc
807 2320 1035 2403 magisterium
1065 2319 1110 2383 ad
1134 2319 1241 2404 juris·

192 2422 371 2488 dictionem
393 2425 546 2510 pertinet.

104 2524 267 2609 Magistri
289 2524 476 2590 liberalium
497 2527 627 2590 artium.
670 2525 845 2592 Liberalee
875 2534 966 2593 artas
995 2533 1073 2592 eunt
1101 2525 1156 2592 vel
1178 2545 1242 2592 ex-

193 2637 290 2696 actae
301 2627 356 2693 vel
366 2649 433 2694 non
444 2635 602 2694 exactae:
624 2630 757 2694 trivium
772 2627 1034 2716 —quadrivium
1047 2629 1242 2696 -studium

191 2730 359 2817 generale.
757 2785 759 2790 .
982 2780 985 2786 A

106 2833 268 2919 Magistri
288 2838 323 2900 in
336 2835 608 2901 universitatibus
619 2838 867 2903 citramontanis
877 2837 960 2903 faeti
982 2835 1242 2907 euntReetoree.

105 2937 267 3023 Magistri
288 2937 407 3021 Magni
428 2937 703 3024 (Grossmeietar)
726 2944 881 3028 equitum
940 2991 943 2995 -
1038 3007 1043 3012 .

105 3043 275 3127 Magnum
297 3063 393 3108 omne
422 3063 535 3108 rarum
567 3050 629 3109 est.
659 3065 686 3108 o.
711 3045 741 3109 2.
763 3043 839 3115 diet
867 3043 920 3112 59.
941 3047 976 3110 in
997 3043 1072 3112 fine.
1102 3065 1128 3110 a.
1150 3047 1180 3112 4.
1204 3041 1242 3111 0.

191 3147 235 3212 11.
257 3168 311 3234 qu.
334 3147 363 3211 7.
803 3169 806 3176 ’

106 3249 309 3331 Mau'oratus
338 3253 391 3316 est
409 3249 507 3317 'fecti
537 3257 572 3316 et
592 3249 803 3316 saltecarium
826 3285 867 3300 -
897 3251 1081 3337 majoratus
1099 3249 1185 3336 juris
1208 3257 1243 3319 'et

115 3403 117 3406 -
146 3427 150 3432 ,
191 3353 374 3440 regulares
399 3354 525 3432 Fmar.
559 3375 585 3420 s.
606 3377 637 3419 v.
660 3353 794 3420 familia.
812 3353 919 3422 'Nota
944 3361 970 3418 1.

106 3455 295 3538 Maioritas
322 3459 343 3522 i.
372 3478 398 3524 e.
429 3459 647 3543 superioritas
676 3459 711 3523 iu
740 3457 911 3525 ordinibus
942 3468 976 3524 et
1000 3458 1241 3544 jurisdictione

194 3560 383 3648 Opponitur
413 3558 612 3626 obedientia.
656 3561 836 3643 itaburyer
857 3565 997 3628 meaa.
1033 3573 1037 3582 '

106 3661 316 3731 Maledicere
338 3666 381 3747 et,
404 3661 623 3729 Malefieium.
666 3664 853 3732 Maledious
874 3674 927 3733 eet
947 3664 1186 3752 blasphemans
1208 3673 1243 3733 et

190 3767 356 3854 perjurus.
398 3766 572 3832 Malefious
608 3768 846 3836 condemnatus
876 3769 920 3836 eri
950 3769 1153 3836 divinatione
1170 3835 1172 3840 ,
1187 3768 1243 3837 vel

194 3870 376 3956 sortilegio,
399 3869 572 3954 (μαντεία).

261 3976 398 4059 Ltporto,
420 3974 520 4040 theol*
543 3997 623 4042 mor.
645 3979 680 4041 in
701 3977 819 4044 indice.

106 4077 239 4145 Malum
261 4079 368 4144 minus
391 4077 434 4144 de
456 4078 586 4145 duobus
609 4080 704 4146 malis
727 4080 915 4168 eligendum
938 4090 1000 4148 eet
1022 4102 1049 4148 c.
1063 4085 1091 4150 1.
1115 4081 1242 4150 adise.

194 4181 244 4248 13.
267 4179 445 4265 (Greportae
465 4185 500 4246 in
521 4181 720 4269 moralibus)
743 4206 770 4250 a.
793 4187 823 4248 7.
846 4183 883 4251 O.
905 4183 1030 4252 XXII.v
1049 4207 1104 4272 qu.
1126 4189 1156 4251 4.

103 4283 282 4370 Maneipia
301 4285 463 4352 dicuntur.
474 4289 609 4371 novitia,
630 4308 718 4374 quae
739 4309 861 4354 annum
875 4289 1054 4356 serviendo
1071 4309 1137 4355 non
1149 4309 1243 4355 oom-

191 4377 369 4478 plav'e'runt
398 4398 433 4459 et
457 4393 569 4457 vinum
599 4391 719 4460 dieitur
746 4413 884 4476 novum,
916 4392 1007 4481 quod
1041 4410 1107 4458 non
1136 4392 1242 4458 habet
