3108 5138
786 363 1000 432 ...50-

411 539 454 604 ab
475 557 627 622 munere,
649 540 728 626 quia
750 557 867 606 exusu
883 541 971 604 aeris
989 535 1143 624 procedit
1164 571 1206 588 -
1228 544 1405 610 occurrunt
1415 558 1454 607 ex
1521 553 1522 632 p

411 643 545 728 scriptis
568 644 724 708 Bernardi
746 645 824 720 Pop.
846 675 887 688 ·-
910 643 944 708 in
966 643 1038 726 ejus
1060 661 1197 709 summa.

324 741 571 812 Derivatianes
592 746 727 831 spuriae
738 743 829 830 apud
849 743 1075 826 (immaturas,
1098 765 1129 810 v.
1144 751 1297 812 nostrum
1317 744 1455 817 Iudicem
1521 763 1522 830 ᾗ

412 849 613 933 scriptorum
642 849 677 911 in
698 846 762 912 hoc
785 867 885 934 opere
907 847 1128 933 allegatorum
1150 867 1176 912 s.
1199 869 1231 914 v.
1259 868 1372 934 „corp
1396 848 1455 933 jur.
1521 865 1522 870 ’

411 949 504 1016 can.“
1521 949 1522 1016 ?

324 1051 563 1138 Desponsata»
587 1089 629 1102 -
652 1061 704 1120 est
735 1053 791 1118 vel
821 1053 863 1119 de
891 1053 1040 1118 futuro
1070 1052 1126 1140 vei
1155 1052 1197 1118 de
1226 1055 1455 1139 praesenti.
1521 1047 1522 1138 i

411 1156 602 1225 Consensus
624 1157 838 1243 sponsalitius
862 1158 1004 1241 sufficit,
1035 1164 1070 1222 et
1098 1158 1133 1222 in
1161 1156 1227 1222 illis
1257 1156 1454 1242 regionibus,
1521 1143 1522 1154 ¹

410 1263 445 1322 in
462 1261 582 1346 quibus
592 1257 775 1324 Concilium
788 1259 1018 1324 Tridentinum
1029 1259 1153 1346 publici
1159 1259 1245 1344 juris
1254 1259 1381 1327 faetsrm
1392 1279 1452 1322 non

410 1371 472 1446 est,
496 1362 552 1430 vel
572 1363 691 1430 solus
715 1383 895 1434 consensus
919 1361 960 1428 de
982 1365 1152 1453 praesenti
1175 1362 1403 1450 desideratum
1431 1362 1455 1425 si

408 1487 491 1532 vero
515 1468 673 1564 conjuges
695 1466 801 1536 nolint
821 1486 975 1553 peceare,
998 1467 1100 1534 debet
1121 1487 1302 1534 cousensus
1331 1465 1455 1534 admitti

409 1569 583 1646 insacia
605 1569 777 1636 ecclesiae.
1521 1639 1522 1652 ἶ

326 1671 506 1740 arumde
537 1681 589 1740 est
624 1673 752 1742 abenas
780 1673 892 1742 famae
919 1673 1049 1758 injusta
1079 1672 1283 1740 violatio-
1305 1672 1453 1738 differte
1521 1663 1522 1720 i

408 1776 618 1860 contumelia,
643 1797 730 1862 quae
751 1783 804 1844 est
825 1776 950 1861 injusta
971 1776 1105 1845 honoris
1128 1776 1309 1842 diminutio.
1336 1779 1453 1855 lapario

410 1879 512 1946 theol.
541 1901 622 1946 mor.
651 1879 707 1944 lib.
730 1879 759 1946 3.
789 1887 886 1947 tract
909 1882 939 1949 6.
961 1881 1039 1948 dub.
1070 1881 1099 1943 2.
1130 1882 1230 1966 „quia
1259 1877 1452 1949 conumelu

408 1985 516 2048 instar
537 1985 676 2070 rapinae
697 1984 736 2048 fit
755 1991 873 2070 aperto
893 1992 1010 2051 contra
1030 1991 1260 2070 praesentem,
1292 1982 1451 2048 detractio

408 2087 643 2174 utplurimum
664 2089 770 2156 instar
799 2087 880 2154 furti
902 2087 1034 2154 occulta
1063 2091 1111 2156 et'
1125 2094 1243 2154 eontra
1264 2081 1451 2157 absonum<

409 2188 548 2277 (Iujurie
568 2193 613 2256 im
636 2189 847 2276 Gegensatze
870 2189 929 2256 der
951 2188 1222 2276 Verlinmdung).

321 2292 429 2374 Beue,
452 2296 564 2380 potius
587 2294 661 2362 Deo
685 2314 784 2379 quam
806 2294 992 2360 hominihus
1011 2293 1234 2368 obediendum
1256 2299 1317 2358 est.
1362 2290 1451 2369 Quae

409 2401 562 2484 quaestio
586 2398 731 2480 obtinet,
765 2396 898 2484 siquid
931 2399 1150 2482 magistratus
1187 2396 1344 2480 maudat3
1376 2414 1450 2479 ergo

406 2503 440 2566 in
463 2501 653 2566 criminibus
676 2501 895 2566 atrocioribus
918 2521 1026 2587 neque
1049 2501 1263 2586 magistratui
1283 2519 1345 2566 nec
1365 2500 1452 2584 prin·

409 2605 538 2690 cipibus
561 2602 789 2672 sacerdoribus
812 2603 998 2689 parendum
1027 2610 1088 2670 est.
1117 2603 1220 2688 gloss.
1251 2601 1296 2670 ad
1316 2623 1385 2689 reg.
1407 2602 1451 2666 24.

406 2708 442 2770 in
462 2706 537 2772 VI⁰.

321 2812 418 2877 Deus
441 2831 526 2897 quos
549 2809 733 2895 conjunxit,
754 2809 1089 2896 hemenonseparat.
1112 2831 1139 2878 c.
1153 2811 1201 2878 17.
1226 2808 1264 2886 C.
1280 2807 1450 2888 XXXIII·

410 2936 463 3000 qu.
486 2915 516 2978 2.
536 2936 567 2979 v.
590 2912 777 2982 divorsum.

322 3016 529 3085 Devulutior

365 3121 401 3207 1)
423 3143 489 3209 qno
514 3122 571 3207 jus
602 3121 796 3190 conferendi
828 3119 982 3189 beneficii
1021 3118 1210 3190 devolvitur
1242 3119 1450 3189 adulterum

404 3233 562 3312 propter
583 3224 820 3312 negligentiam
842 3224 925 3310 ejus,
949 3226 1006 3309 qui
1015 3223 1098 3293 illud
1114 3224 1266 3294 conferre
1283 3224 1449 3292 debuerat.

424 3326 526 3394 Cone.
555 3326 713 3394 Lateran.
742 3327 802 3396 111.
832 3326 895 3394 sub
917 3330 1094 3398 almanno
1115 3327 1175 3397 ΠΙ,
1217 3326 1318 3396 Cone.
1342 3327 1448 3396 Later.

422 3430 480 3498 IV.
503 3432 565 3498 sub
589 3435 694 3498 Irmoc.
715 3431 774 3498 ΠΙ.

363 3533 399 3621 2)
421 3538 538 3601 existit
571 3542 605 3600 et
626 3537 774 3621 provisio
796 3532 981 3622 impetrata
1004 3534 1196 3599 aRomano
1221 3534 1389 3620 pontifice,
1412 3530 1449 3596 ad

317 3625 319 3630 ’
422 3660 521 3725 quem
549 3645 629 3704 tuuc
659 3637 852 3705 devolutum
883 3643 952 3721 est,
991 3657 1065 3706 cum
1099 3637 1295 3704 beneficium
1324 3635 1448 3722 quidem

420 3745 508 3808 intre
529 3743 717 3830 praefixum
738 3749 869 3828 tempus
892 3741 1050 3809 collatum
1071 3740 1135 3808 fuit
1157 3743 1206 3826 ei,
1238 3743 1297 3827 qui
1317 3747 1449 3826 propter

422 3845 590 3911 defectum
611 3867 678 3912 uon
695 3853 748 3910 est
768 3845 917 3926 idoneus,
940 3843 1078 3932 perinde
1099 3864 1142 3908 ao
1162 3845 1192 3910 si
1202 3851 1350 3911 vacaret.
1370 3843 1448 3908 Post

422 3950 595 4032 pacificam
631 3950 763 4016 triennii
792 3949 1039 4033 possessionem
1068 3967 1135 4015 non
1163 3955 1216 4012 est
1252 3944 1448 4020 devolutioni

420 4049 526 4135 loeus,
555 4073 734 4138 possessor
755 4071 836 4118 vero
849 4049 950 4116 debet
972 4053 1091 4118 essein
1113 4050 1300 4119 bonafide.

317 4150 508 4218 Devuiutio
531 4154 776 4240 quodammodo
805 4153 1029 4240 abepiscopo
1060 4152 1104 4218 ed
1133 4152 1315 4240 capitulum
1338 4150 1448 4221 cathe-

404 4257 499 4323 drale
520 4260 730 4324 transfertur.
774 4260 979 4340 affuerunt,
1006 4257 1063 4343 jus
1082 4257 1173 4352 eccl.
1202 4256 1259 4322 lib.
1282 4259 1310 4324 1,.
1331 4259 1381 4320 tit
1404 4253 1448 4316 10.

400 4382 451 4426 nr.
473 4361 524 4426 22.
566 4365 701 4447 Pnoups,
723 4359 903 4430 Lehrbueh
925 4359 984 4428 des
1003 4359 1264 4428 Kirchenreohts
1280 4355 1447 4444 (compon-

403 4465 491 4532 dium
508 4466 573 4553 jur.
597 4466 675 4531 ecel.
696 4487 729 4552 p.
751 4461 838 4547 281).
