3080 5150
560 421 796 488 ...m-.-

194 602 324 684 par'ere,
338 595 493 664 educare
515 597 632 660 matris
652 616 768 662 munus
791 601 853 661 est.
899 591 973 660 Oet.
991 592 1087 659 Rom.
1110 591 1152 660 de
1174 615 1247 660 ma-

190 703 280 764 trim.
302 720 442 766 sacram.
472 703 666 779 Aequorum.

90 801 374 870 Matrimonium
412 801 581 868 derivatur
599 823 632 867 'a
663 809 791 886 ,mater
821 811 855 870 et
884 803 1045 882 munium,
1086 803 1166 887 quia
1203 803 1247 866 sit

192 909 308 992 metris
330 917 458 982 munus.
502 907 626 971 Ferrea

88 1007 384 1076 Matrimonium.
428 1006 546 1093 Usque
570 1006 613 1072 ad
634 1010 844 1072 Justtntonom
867 1001 1111 1074 matrimonium
1132 1005 1246 1090 legiti-

194 1133 283 1176 mum
314 1111 413 1178 aliter.
443 1111 562 1194 fiebat,
580 1118 683 1198 atque
706 1110 796 1196 quod
818 1109 1026 1178 ab'ecclesia
1047 1116 1158 1174 ratum
1181 1117 1243 1174 est.

148 1225 151 1231 '
260 1213 305 1306 gl.
328 1213 373 1278 ad
396 1236 422 1279 e.
445 1213 573 1280 8.·dist.
597 1215 647 1279 10.
693 1255 695 1260 .
778 1231 781 1240 “

192 1316 269 1396 Qua
291 1337 335 1382 ex
358 1337 461 1386 causa
489 1330 665 1382 nunc'non
696 1317 811 1384 valent
838 1317 932 1403 leges
962 1315 1162 1382 saeculares.
1206 1316 1246 1382 In

190 1419 327 1486 decreto
350 1422 438 1490 enim
461 1417 614 1485 Gratiani
637 1415 674 1492 C.
698 1420 738 1484 27
761 1439 868 1506 usque
891 1418 1055 1484 adfinem
1083 1417 1159 1484 libri
1187 1439 1244 1484 se-

190 1523 288 1590 cundi
309 1529 476 1588 tractatur
497 1524 646 1608 inprimis
670 1522 712 1612 de
738 1521 1015 1588 substantialibus
1035 1523 1243 1606 matrimonii,

188 1647 276 1712 quae
304 1632 587 1712 recognoscuntur
616 1627 650 1690 in
679 1625 796 1711 glossa
826 1625 870 1690 ad
885 1647 924 1718 .⁰·
948 1627 976 1690 7.
998 1624 1045 1690 Χ.
1067 1623 1126 1690 IV.
1149 1623 1178 1688 5.
1204 1660 1241 1671 -

168 1805 171 1813 Ι
187 1737 259 1812 tum
287 1726 328 1810 de
347 1734 469 1808 natura
490 1719 699 1814 matrimonii,
723 1728 765 1794 de
785 1727 1027 1815 impedimentis
1045 1729 1244 1794 matrim0nii

188 1839 224 1898 et
246 1831 288 1898 de
307 1831 468 1896 divortiis.
550 1897 552 1900 ,
731 1903 733 1908 ,

230 1933 479 1999 Matrimonium
501 1935 655 1999 consistit
677 1935 712 2000 in
740 1933 856 2021 prole,
878 1933 944 2001 fide
968 1939 1002 2001 ct
1024 1941 1240 2002 sacramento

117 2103 120 2108 ,
179 2057 216 2114 c.
239 2039 289 2114 10.
312 2035 464 2120 XXVII
488 2059 543 2122 qu.
566 2037 595 2102 2.
633 2114 635 2120 ¹
671 2035 673 2040 ’

91 2137 367 2204 Matrimonium
389 2138 446 2204 vel
468 2137 665 2222 sponsalia,
688 2141 798 2226 potius
815 2139 985 2227 sponsalia
1006 2141 1048 2206 de
1070 2143 1242 2226 praesenti

187 2249 223 2309 et
243 2243 366 2330 futuro.

231 2341 410 2432 Sponsalia
433 2345 609 2412 defuturo
632 2353 710 2410 sunt
738 2343 817 2410 fidei
846 2349 1040 2432 pactiones,
1070 2343 1241 2432 sponsalia

165 2519 171 2534 ..
186 2447 229 2512 de
250 2449 422 2534 praesenti
442 2447 522 2513 fidei
545 2469 737 2532 consensus,
767 2449 880 2534 priora
899 2456 977 2513 sunt
1005 2445 1237 2513 antecedentia

188 2556 223 2616 et
245 2549 418 2634 solvenda,
440 2554 629 2637 posteriora
650 2551 898 2637 subsequentia
919 2557 953 2617 et
981 2569 1047 2638 non
1069 2549 1241 2617 solvenda.

254 2673 281 2718 c.
304 2652 354 2717 51.
378 2651 414 2720 Ο.
437 2653 591 2720 XXVII.
615 2675 669 2739 qu.
693 2654 722 2718 2.
744 2651 888 2746 (palia).

254 2759 365 2820 aaa
389 2759 512 2843 antiqu.
535 2778 567 2843 p.
584 2743 663 2848 seor.

113 2943 115 2946 Ι
233 2856 334 2936 Quod
355 2863 475 2926 attinet
497 2860 541 2924 ad
562 2859 732 2946 sponsalia
762 2860 803 2926 de
832 2864 1014 2947 praesenti,
1042 2861 1240 2948 inquirenda

96 2975 101 2980 '
184 2970 262 3026 sunt
283 2962 396 3027 officia
419 2963 681 3048 conjugatorum.
706 2983 732 3028 c.
757 2965 785 3027 7.
809 2962 994 3030 (LXXX.
1018 2985 1071 3050 qu.
1095 2963 1125 3030 5.

94 3055 363 3129 Matrimonium
386 3073 438 3132 est
461 3072 665 3131 contractus
672 3066 758 3150 juris
777 3066 950 3144 naturalis,
968 3068 1055 3152 juris
1075 3065 1181 3133 civilis
1205 3075 1240 3132 et

185 3167 379 3253 evangelici.
664 3155 676 3176 ’

157 3269 159 3274 ’
227 3267 407 3356 Sponsalia
434 3277 511 3336 sunt
545 3279 736 3336 contractus
763 3273 849 3357 juris
878 3271 1041 3336 naturalis
1071 3276 1237 3359 recogniti
1300 3281 1303 3287 '

183 3371 227 3438 ab
250 3374 401 3456 ecclesia,
423 3374 484 3439 sed
506 3395 615 3460 neque
636 3375 720 3460 juris
743 3374 850 3440 civilis
868 3375 1019 3458 Romani,
1041 3396 1151 3462 neque
1172 3397 1235 3443 vo-

129 3497 130 3500 ’
181 3485 252 3542 tum
284 3477 370 3562 juris
414 3475 582 3543 Canonici.
647 3479 773 3555 Devott,
817 3476 941 3545 Institt.
986 3478 1028 3544 de
1065 3487 1237 3544 matrmon.

184 3576 213 3664 ἓ.
233 3580 306 3645 103.
330 3582 401 3646 117.
1168 3643 1172 3648 .

225 3681 303 3748 Non
325 3683 449 3749 adficit
471 3682 515 3747 ad
542 3685 712 3772 sponsalia
744 3706 925 3752 consensus
944 3707 1153 3772 sponsorum,
1176 3687 1237 3753 sed

183 3785 394 3852 desideratur
417 3807 599 3853 consensus
621 3795 807 3874 parentum.

255 3887 727 3978 0.12.O.XXX11.qu.'a
767 3907 769 3910 ’

225 3992 472 4061 Matrimonium
509 4005 752 4063 sacramentum
789 3999 828 4062 fit
857 4001 927 4063 sine
973 4019 1137 4065 consensu
1173 4021 1238 4088 pa-

157 4103 332 4182 rentum,
362 4098 422 4164 sed
440 4099 725 4166 ‘dissentientibus
756 4102 951 4188 parentibus
983 4112 1125 4188 peccant
1154 4125 1236 4170 oon·
1304 4085 1313 4099 ”

180 4199 325 4286 jugati.¹

250 4323 339 4390 resp.
360 4305 459 4370 finem
471 4308 677 4372 matrimonii.
702 4316 782 4394 post
805 4330 830 4375 c.
843 4310 871 4374 2.
895 4306 932 4373 Ο.
955 4308 1114 4378 XXXII.
1137 4332 1191 4396 qu.
1205 4315 1233 4380 2.
1318 4360 1322 4366 -

250 4405 375 4477 dictum
398 4406 554 4476 Gratiani
577 4417 611 4482 et
632 4411 666 4480 io
681 4429 715 4478 c.
736 4411 767 4480 3.
790 4412 819 4480 6.
842 4411 947 4500 ejusd.
967 4434 1098 4482 causae.
