3088 5140
567 397 803 466 -173-

200 567 384 650 canonico,
408 572 485 656 quia
496 570 552 656 jus
568 567 772 636 Canonieum
791 576 962 656 computat
976 565 1104 655 gradus
1114 570 1157 636 ob
1169 591 1257 635 ma-

200 678 462 758 trimonium,
499 696 561 760 pro
593 696 659 760 quo
682 678 895 761 requiruntur
917 673 1004 739 duae
1026 695 1199 760 personae,
1221 671 1257 736 id

202 778 293 864 quod
312 779 384 862 jam
407 799 427 841 a
450 781 614 840 Bernardo
633 781 711 855 Pop.
734 779 767 839 in
783 778 855 862 ejus
875 797 1001 841 summa
1024 778 1256 862 recipiebatur.

204 879 301 958 Quae
312 901 393 946 vero
417 880 461 945 ad
483 879 581 944 finem
594 881 803 964 cognationis
826 886 1011 963 recurrunt,
1035 899 1077 944 ex
1097 881 1173 965 jure
1184 881 1258 946 Ro-

205 1003 305 1047 mano
328 990 465 1069 recepta
487 989 575 1065 sunt,
598 1003 665 1068 quo
696 983 832 1067 cognati
861 984 895 1045 in
924 1001 1047 1066 genere
1075 983 1257 1049 secundum

203 1093 335 1172 septem
364 1085 491 1170 gradus
524 1087 752 1168 nominantur,
786 1087 844 1170 qui
876 1087 910 1148 in
942 1085 1030 1150 linea
1063 1093 1257 1152 transversa

204 1191 363 1255 canonice
385 1196 627 1276 computantur.
672 1185 756 1254 C‘um
778 1187 842 1253 hoo
863 1187 952 1254 idem
975 1192 1074 1255 etiam
1090 1195 1258 1276 posterio-

203 1292 296 1359 ribus
319 1292 526 1379 temporibus
548 1295 756 1374 remanserit,
779 1291 985 1358 solummodo
1009 1293 1122 1380 quoad
1150 1297 1258 1382 impe-

171 1448 178 1462 .
205 1397 386 1462 dimentum
415 1397 613 1461 matrimonii
643 1402 787 1482 quatuor
816 1393 942 1480 gradus
973 1399 1144 1463 constituti
1172 1406 1258 1464 sunt.
1384 1455 1389 1473 ,

98 1499 111 1512 “
204 1498 245 1564 V.
269 1520 375 1584 comp.
393 1498 458 1582 jur.
482 1519 553 1564 can.

109 1621 222 1686 Stota
244 1655 286 1666 —
310 1619 402 1706 quod
424 1621 510 1683 enim
533 1626 691 1706 operatur
707 1619 842 1706 pallium
857 1621 943 1686 inter
966 1622 1154 1708 episcopos,
1178 1642 1258 1709 ope-

204 1732 301 1791 ratur
347 1721 435 1788 stola
483 1723 570 1788 inter
615 1723 822 1789 sacerdotes:
877 1722 985 1789 stolae
1033 1723 1156 1790 delatio
1207 1731 1258 1792 est

206 1828 338 1914 signum
359 1826 494 1911 proprie
516 1824 679 1891 denotans
692 1825 955 1911 jurisdictionem
978 1835 1012 1894 et
1034 1827 1179 1893 officium
1201 1847 1259 1894 sa-

206 1927 387 2012 cerdotale,
410 1928 502 2015 quod
519 1929 591 2014 jam
614 1929 729 2015 glossa
756 1930 843 2014 juris
871 1928 1013 1996 Romani
1040 1933 1193 2017 agnoscit
1215 1931 1260 1997 ad

206 2031 227 2098 1.
251 2035 279 2098 1.
302 2031 375 2099 cod.
396 2032 458 2098 XL
485 2034 534 2098 11.
557 2033 620 2099 sub
642 2053 726 2100 voce
747 2033 868 2100 fib'uiia.
1039 2035 1042 2044 '

115 2138 227 2203 Stola
257 2171 298 2184 -
330 2144 383 2202 est
412 2138 544 2222 signum
569 2138 706 2223 proprie
738 2135 901 2203 denotans
930 2136 1195 2223 jurisdictionem
1226 2145 1260 2204 et

207 2240 355 2306 officium
376 2239 595 2306 sacerdotale.

113 2361 198 2428 Sub
221 2397 262 2409 -
286 2369 320 2427 et
342 2355 511 2448 obreptio:
530 2363 564 2425 in
587 2359 810 2444 decretalibus
834 2363 979 2426 occurrit
1001 2381 1110 2448 neque
1131 2361 1259 2447 injure

204 2465 373 2531 Romano:
395 2462 506 2530 reddit
529 2466 797 2530 constitutionem
818 2463 951 2529 nullam.

119 2584 427 2651 Subintroductae
450 2584 603 2652 mulieres
627 2619 668 2634 -
692 2605 778 2672 quae
802 2592 879 2652 sunt
900 2587 935 2650 in
956 2585 1095 2652 aedibus
1118 2585 1260 2654 clerico-

207 2711 280 2755 rum
303 2691 509 2754 συνείσακτοι
537 2711 569 2754 v.
598 2695 774 2775 agapetae.
821 2692 937 2771 Hercle,
975 2687 1260 2776 Conciliengesch.

205 2793 231 2860 1.
250 2816 283 2880 p.
307 2795 378 2860 138.
402 2795 474 2860 206.
498 2793 571 2862 363.

114 2895 346 2964 Suboruatio
369 2933 411 2945 -
434 2896 489 2964 vet
510 2898 647 2964 testium
669 2895 724 2962 vel
747 2895 936 2964 electorum.

118 3015 317 3102 Subreptio
340 3025 374 3083 et
397 3017 550 3102 obreptio
572 3017 593 3080 i.
617 3037 645 3082 e.
667 3017 822 3102 exceptio
839 3024 957 3082 contra
978 3018 1176 3103 rescriptum
1197 3037 1262 3101 pa·

207 3121 285 3211 pala
306 3121 362 3188 vel
382 3120 564 3208 imperiala.

117 3240 331 3309 Subsidium
353 3242 602 3308 charitativum:
633 3240 776 3326 ecelesia
796 3240 853 3307 vel
871 3242 1049 3328 episcopus
1071 3261 1138 3306 non
1160 3243 1261 3326 cogit,

206 3345 267 3412 sed
289 3349 375 3433 petit
397 3367 417 3410 a
440 3348 582 3412 caritate
605 3345 869 3411 christianorum
909 3343 949 3408 V.
973 3363 1107 3430 quoque
1122 3343 1262 3410 Patere-

209 3450 358 3537 pfenuig.

122 3552 342 3621 substitutio
365 3551 610 3641 compendiosa.

65 3679 69 3692 ¹
277 3655 330 3724 (tl.
354 3655 401 3721 ad
424 3677 450 3722 c.
476 3659 503 3721 1.
525 3659 559 3722 in
581 3654 653 3722 VI⁰.
673 3655 733 3721 HI.
756 3656 806 3720 11.

173 3789 178 3794 ·
278 3764 415 3826 Roschirt
436 3759 551 3826 histor.
574 3759 685 3845 dogm.
704 3757 770 3843 jur.
793 3759 853 3823 civ.
875 3776 908 3844 p.
929 3755 991 3824 357
1002 3777 1052 3842 sq.

121 3863 412 3945 Subveetorium,
433 3867 454 3929 i.
473 3885 500 3929 e.
523 3870 668 3929 vectura.
691 3866 721 3925 J.
736 3865 775 3925 H.
788 3864 921 3924 Btibmcr
941 3863 1053 3926 innot.
1069 3857 1114 3926 ad
1125 3858 1261 3927 Deerat.

209 3992 242 4056 p.
265 3969 338 4035 273.
360 3977 428 4038 not
453 3969 503 4034 lt.

124 4088 355 4172 Suttbaganei
375 4091 502 4178 Papae.
547 4091 699 4151 Bemdtct.
722 4085 819 4153 XIV.
844 4087 874 4150 d.
897 4107 923 4151 s.
946 4086 976 4151 d.
998 4085 1053 4151 lib.
1077 4087 1106 4150 2.
1129 4105 1155 4150 c.
1179 4086 1208 4149 2.

122 4186 401 4275 Suttbaganeua
424 4215 454 4258 v.
476 4195 639 4272 Ripantiua
662 4191 705 4256 ad
718 4211 788 4275 reg.
811 4189 947 4254 cancell.
969 4211 996 4256 s.
1017 4189 1090 4256 bv.
1111 4188 1263 4254 Pertinet

207 4298 253 4363 ad
281 4301 486 4384 episcopos,
500 4297 680 4382 praecipue
700 4295 735 4358 in
759 4293 939 4360 Germania
955 4300 1033 4360 sunt
1054 4292 1109 4359 val
1139 4289 1263 4356 titulati

200 4399 242 4469 'et
264 4400 433 4485 ordinarii,
456 4399 512 4468 vel
533 4402 567 4466 in
589 4399 741 4486 partibus
760 4396 951 4465 infidelium.
1052 4457 1058 4472 ,
