3108 5138
787 425 1003 490 ..52-

325 593 408 662 11166
430 593 465 660 in
482 594 608 680 specie,
631 632 671 644 —-
696 598 850 680 cinerum,
874 597 980 681 cilicii,
1005 598 1094 684 quod
1117 605 1218 685 caput
1241 598 1361 685 jejunii
1385 597 1461 663 diei-

414 707 477 764 tur.
502 703 543 761 du
565 703 740 767 1166116.-
764 699 849 764 irae.
872 699 1013 785 hymnus
1038 701 1273 766 celeberrimus
1291 704 1324 766 in
1356 702 1460 766 officio

414 801 655 869 defunctorum.
699 806 876 884 Freibnrpcr
897 807 1036 868 Leaicoa.

332 903 433 970 Dicta
456 909 603 970 continet
624 910 743 993 viginti
764 907 913 972 miliaria.
935 930 965 972 v.
978 911 1060 970 Ferr.
1083 907 1330 975 benedictiones
1352 907 1461 973 arev.

411 1029 436 1072 s·
459 1029 507 1074 nr.
531 1011 580 1073 10.

324 1110 475 1192 lligniar
505 1114 539 1174 in
568 1111 752 1179 collatione.
796 1115 907 1192 Lapob'
934 1117 965 1178 J.
995 1117 1032 1179 Ε.
1061 1121 1138 1178 tom.
1170 1113 1229 1179 IlL
1259 1135 1291 1200 p.
1314 1113 1389 1178 315.
1415 1122 1461 1178 est

410 1213 571 1298 obligatio
597 1235 720 1299 eorum,
744 1217 801 1302 qui
823 1215 985 1282 beneficia
1001 1217 1184 1283 conferunt.
1227 1219 1354 1295 Lipario
1376 1215 1459 1279 theo.

410 1337 491 1380 mor.
513 1316 570 1381 lib.
592 1319 624 1388 4,
645 1339 671 1382 c.
695 1319 745 1383 92.

324 1418 489 1500 Dignitas
520 1427 572 1484 est
601 1420 837 1506 praecedentia
876 1441 948 1485 cum
975 1420 1224 1506 jurisdictione:
1259 1423 1330 1486 sine
1357 1421 1459 1506 juris·

414 1523 558 1586 dictione
582 1532 633 1588 est
655 1523 761 1588 bonor
784 1533 818 1589 ot
840 1523 1032 1611 appellatur
1054 1532 1265 1610 personatus.

323 1623 537 1708 Dilapidatio
560 1627 598 1690 fit
622 1647 642 1690 a
660 1627 747 1692 laico
759 1627 905 1692 habente
918 1626 1237 1692 administrationem
1250 1627 1340 1692 vela
1364 1646 1460 1713 prae-

409 1729 488 1795 lata.
510 1751 540 1792 v.
563 1733 671 1791 Poena
694 1751 745 1816 ap.
769 1733 893 1792 Ferrar.

323 1829 590 1896 Dimissoriales
612 1831 678 1895 vid
701 1833 876 1898 formatae.
899 1837 1077 1920 praecipue
1099 1837 1133 1898 in
1145 1833 1392 1920 impedimentis
1409 1853 1460 1898 or-

410 1933 598 2019 dinationis,
620 1937 826 1999 matrimonii.

325 2035 546 2102 llioecesana
567 2037 623 2102 lex
644 2037 747 2122 valet,
772 2039 948 2104 dummodo
970 2043 1004 2104 in
1025 2043 1101 2127 ipsa
1125 2039 1253 2126 synodo
1280 2039 1459 2104 conducas

411 2141 536 2228 aliquid
545 2141 767 2226 statuendum,
791 2141 882 2229 quod
894 2147 1059 2208 canonicis
1079 2144 1191 2210 obviet
1202 2145 1365 2208 institutis
1390 2164 1417 2209 c.
1435 2146 1460 2208 3.

409 2245 456 2310 Χ.
480 2244 522 2310 de
545 2247 620 2330 maj.
644 2253 678 2310 et
702 2245 918 2312 61611133.

322 2347 497 2433 Diptycha
520 2357 615 2414 erant
636 2349 722 2432 libri,
746 2351 817 2414 sive
840 2349 975 2414 tabulae
1004 2371 1140 2433 sacrae,
1165 2351 1342 2436 inquibus
1367 2356 1459 2416 erant

409 2453 579 2539 descripta
601 2455 733 2517 nomina
755 2456 938 2518 viventium
959 2463 991 2518 et
1013 2462 1236 2537 mortuorum,
1260 2457 1319 2538 qui
1341 2454 1458 2517 ceteris

408 2564 466 2619 aut
495 2559 627 2641 generis
650 2555 824 2620 nobilitate
847 2563 905 2620 aut
933 2559 1057 2621 virtute
1090 2564 1148 2621 aut
1172 2556 1335 2642 dignitate
1358 2575 1458 2641 prae-

408 2666 546 2725 starent.
569 2662 678 2720 Deooti
699 2659 740 2722 de
762 2659 881 2722 hierar.
906 2659 1008 2724 ordin.
1030 2663 1063 2722 in
1085 2661 1202 2725 institt.
1223 2658 1250 2744 ἓ.
1275 2661 1325 2723 27.
1341 2666 1411 2723 not.
1432 2660 1458 2720 4.

322 2759 497 2844 Diptychel
508 2761 572 2826 hae
597 2759 733 2826 chartae
744 2761 1010 2848 appellabantur,
1028 2785 1094 2828 non
1110 2764 1201 2849 quod
1216 2765 1337 2848 gemini
1349 2768 1458 2827 essent

407 2865 494 2946 libri,
512 2867 664 2929 vivorum
680 2865 775 2948 alter,
789 2866 874 2930 alter
889 2875 1102 2950 mortuorum,
1119 2888 1192 2930 cum
1207 2887 1292 2930 unus
1307 2864 1459 2950 idemque

406 2967 490 3033 liber
512 2975 730 3053 utrorumque
752 2971 884 3033 nomina
915 2973 1085 3035 continere
1106 2973 1272 3056 potuerit,
1304 2975 1338 3032 et
1369 2967 1457 3032 solus

282 3121 284 3124 .
407 3070 491 3135 liber
504 3073 694 3155 viventium,
716 3073 796 3136 item
819 3072 910 3137 solus
929 3081 1142 3156 mortuorum,
1164 3093 1226 3158 pro
1244 3071 1363 3157 quibus
1380 3089 1458 3156 pre-

409 3195 464 3240 ces
488 3173 723 3264 offerebantur,
747 3179 848 3240 etiam
860 3175 1052 3262 diptychum
1069 3183 1121 3242 est
1134 3175 1265 3240 dictum.
1288 3197 1319 3238 v.
1343 3176 1459 3236 Maroni

409 3299 435 3342 s.
457 3301 488 3342 v.
512 3279 637 3343 dittico.

321 3379 526 3446 Directores
548 3379 753 3464 spirituales
775 3384 795 3447 i.
818 3403 845 3448 e.
869 3366 1072 3448 confessarii.
1116 3384 1231 3446 Bencd.
1252 3379 1283 3445 d.
1308 3400 1334 3445 s.
1356 3381 1457 3447 dioec.

405 3483 766 3552 lsscfflmb

320 3587 515 3672 Disciplina
538 3588 708 3673 ecclesiae,
731 3611 762 3654 v.
784 3593 881 3654 Ritus.

319 3691 512 3776 Dispendia
542 3692 649 3756 litium
679 3695 858 3779 aequitatis
882 3691 1078 3778 compendio
1107 3691 1259 3758 volentes
1293 3679 1353 3756 eto]
1375 3693 1411 3754 in
1434 3709 1457 3752 c.

406 3798 436 3861 3.
468 3797 515 3861 X.
546 3799 580 3858 in
613 3793 685 3862 VI⁰.
719 3799 746 3860 1.
773 3797 802 3861 3.
847 3795 935 3860 Vide
969 3801 1069 3874 Klotz,
1099 3799 1141 3858 du
1172 3797 1292 3859 Fresae.
1337 3793 1457 3860 Glossa

406 3897 651 3986 (compendium
683 3900 785 3966 breve
820 3907 854 3964 et
892 3899 993 3974 utile,
1024 3899 1233 3986 dispendium
1266 3897 1403 3982 longum
1426 3902 1457 3959 et

404 4001 544 4085 inutile),
568 4003 721 4068 doctrina
743 4003 784 4066 de
797 4004 918 4068 mutuis
941 4004 1176 4089 petitionibus,
1200 4021 1340 4089 quarum
1363 4001 1456 4083 origo

404 4104 533 4187 injure
554 4126 624 4169 can.
647 4108 828 4192 reperitur:
853 4127 925 4169 cum
940 4107 997 4190 jus
1020 4109 1213 4171 canonicum
1237 4125 1343 4186 omne,
1367 4099 1456 4188 quod

407 4213 459 4273 est
479 4207 566 4270 inter
587 4216 703 4298 partes
733 4211 766 4273 in
795 4209 871 4295 lite,
902 4210 1098 4276 simultaneo
1128 4228 1290 4296 processu
1320 4225 1457 4292 compo-

404 4312 501 4378 nitur.
