3080 5150
552 403 595 418 ...
639 371 681 438 63
712 369 768 420 ''...

79 539 286 629 Episcopus
308 541 564 624 suffraganeus
586 545 620 608 in
643 564 744 610 sensu
773 543 937 650 opdinario
965 552 1018 612 cst
1048 547 1224 632 spiscopus

166 648 368 714 dioeceseos
402 669 468 712 non
492 655 655 730 exemtae,
678 647 739 712 sed
772 647 1030 734 metropolitano
1053 649 1225 734 subjectae

164 787 207 798 -
232 752 269 813 in
291 770 392 814 sensu
416 751 552 836 speciali
575 758 652 815 sunt
675 751 888 836 coadjutores
911 753 982 816 sine
1004 753 1224 816 successionis

160 855 250 940 jure,
274 856 518 938 praesertimin
531 853 722 938 Germania,
744 857 778 918 in
790 875 857 940 qua
873 854 1044 920 dioeceses
1067 862 1137 922 tam
1156 853 1225 919 late

164 963 300 1044 patent,
322 963 360 1020 ut
383 958 532 1042 episcopi
555 956 806 1042 coadjutoribus
821 964 956 1023 utantur
971 957 1016 1022 ad
1035 955 1226 1044 episcopale

164 1081 289 1124 munus
314 1059 546 1125 exercendum.
590 1063 715 1144 Decoti,
745 1063 863 1126 institt.
891 1060 933 1126 de
956 1060 1100 1146 coadjut.
1124 1057 1152 1144 fi.
1173 1059 1225 1123 48.

83 1159 305 1248 Epistilium,
345 1161 437 1246 quod
467 1165 702 1249 supraponitur
735 1163 904 1229 columnis.
934 1163 1045 1249 glad
1069 1183 1096 1229 a.
1120 1163 1225 1228 17.in

60 1261 61 1264 ’
164 1265 241 1330 VI⁰.
264 1264 293 1328 I.
316 1265 345 1328 6.

86 1366 267 1452 Epistulae
298 1365 560 1432 ecclesiastieae:
593 1368 818 1455 apostolicae,
850 1371 1046 1453 canonicae,
1071 1367 1224 1450 clericae,

168 1469 277 1558 (quac
301 1491 322 1534 a
344 1470 436 1537 clero
459 1471 562 1536 scribi
583 1471 693 1537 solent
713 1471 794 1538 sede
815 1467 974 1556 vacante)
987 1471 1168 1538 circulares
1190 1495 1221 1537 v.

169 1573 374 1659 encyclicae,
398 1573 710 1659 commendatoriae,
733 1579 965 1642 concessoriae
992 1575 1047 1642 vel
1069 1575 1226 1644 dimisso-

170 1680 255 1762 riae,
282 1678 510 1744 confessorias
532 1679 590 1743 ie.
613 1680 853 1761 confessorum,
878 1679 1081 1762 decretales,
1110 1678 1225 1744 diaco-

172 1784 283 1864 nicae,
298 1778 355 1864 (de
368 1781 478 1846 officio
503 1780 648 1865 diaconi)
661 1781 919 1850 entbronisticac
943 1781 1043 1868 (quas
1064 1783 1225 1868 episcopi,

173 1883 276 1950 simul
307 1890 410 1970 atque
441 1887 627 1950 consecrati
655 1893 749 1970 sunt,
778 1887 823 1952 ad
853 1893 1035 1954 extraneos
1066 1887 1225 1972 epicopos

170 1989 319 2070 mittunt,
341 1992 379 2049 ut
401 1985 444 2050 ab
466 1989 549 2073 ipsis
571 1989 719 2054 vicissim
748 1989 907 2074 pacificas
937 1984 971 2054 ct
1001 1989 1226 2064 communica-

165 2093 273 2155 torias
298 2089 457 2175 epistolas
470 2089 660 2176 accipiant),
682 2091 820 2158 festales
834 2089 1038 2178 (profesto),
1059 2091 1226 2156 formatae

167 2215 198 2258 v.
208 2194 436 2274 formatae,
446 2193 646 2279 pastorales,
660 2216 747 2280 quae
759 2179 821 2281 pro
829 2196 1047 2260 instructione
1059 2192 1103 2258 ad
1116 2192 1226 2258 eccle-

166 2299 237 2360 sias
259 2296 488 2380 mittebantur,
511 2296 708 2380 synodicae,
731 2317 818 2383 quae
848 2297 893 2364 ad
923 2297 1071 2381 synodos
1095 2294 1226 2362 scribe-

167 2399 303 2482 bantur,
325 2398 381 2462 vel
401 2399 445 2463 ab
466 2401 549 2484 ipsis
562 2399 790 2484 mittebantur,
812 2401 1004 2485 pontificiae
1026 2398 1082 2464 vel
1104 2404 1220 2484 systa-

173 2505 263 2568 ticae
288 2523 347 2567 seu
368 2503 539 2588 pacificae.
582 2504 666 2566 Ferr.
689 2523 715 2568 s.
736 2503 768 2568 h.
790 2525 821 2567 v.

91 2602 306 2688 Epistoliuru,
327 2607 387 2670 ie.
399 2605 497 2670 litera
508 2605 653 2672 formata
665 2641 706 2654 -
719 2605 846 2672 clericis
860 2625 1032 2690 concessa,
1049 2607 1091 2676 du
1107 2608 1226 2678 areae.

172 2712 287 2792 Hefele,
312 2705 595 2793 Conciliengesch.
617 2708 660 2774 II.
680 2730 714 2794 p.
738 2709 810 2776 120.

91 2809 298 2894 Epitimium,
320 2831 429 2898 poena
451 2810 690 2896 ecclesiastiea,
712 2811 834 2881 dicitur
844 2814 1028 2899 increpatio
1051 2818 1124 2892 ete,
1146 2831 1225 2876 sus-

171 2918 289 3002 pensio
312 2936 340 2980 c.
366 2920 392 2980 l.
415 2913 452 2980 O.
474 2913 577 2982 XXL
598 2937 651 3001 qu.
674 2917 704 2984 4.
727 2919 767 2980 du
796 2918 917 2982 Ercrne.

93 3016 232 3099 Equites
257 3015 408 3085 ordinum
430 3016 620 3083 militarium
641 3025 799 3104 poterant
820 3039 895 3087 esse
917 3018 1096 3104 conjugati.
1120 3020 1223 3080 Etom.

170 3123 195 3188 1.
216 3122 275 3190 lib.
297 3122 326 3186 2.
350 3141 376 3186 c.
389 3120 439 3186 65.
461 3143 510 3186 nr.
523 3122 550 3184 7.
574 3123 748 3208 aequites
762 3121 1061 3206 Hierosolymitani
1084 3127 1118 3188 et
1140 3119 1224 3184 His-

172 3227 286 3312 panici
307 3223 398 3312 apud
422 3227 607 3292 stomacus.

94 3324 243 3408 Eremita
264 3317 410 3414 (ἤρεμυς)
434 3327 725 3406 desertus-eremi
746 3325 865 3412 cultor,
887 3324 1080 3407 eremicola,-
1109 3345 1227 3391 mona-

177 3433 259 3498 chus
282 3467 324 3479 —
346 3439 416 3497 tum
439 3431 615 3498 coenobita
637 3439 698 3500 etc.
720 3431 844 3496 Ferrea

95 3531 351 3603 Ereurodicium
381 3533 501 3600 dieitur
534 3534 601 3602 litis
636 3541 845 3602 contestatae
874 3531 1037 3614 desertio,
1071 3528 1163 3616 quod
1193 3537 1228 3596 et

173 3647 287 3714 actore
323 3646 358 3706 et
384 3660 443 3705 reo
473 3638 613 3704 absente
642 3637 858 3706 contrahitur.
908 3634 948 3700 L.
972 3634 1022 3702 13.
1044 3630 1072 3717 ἓ.
1094 3632 1124 3699 3.
1148 3629 1229 3698 Οοᾶ.

95 3840 293 3927 Ergasteria
320 3854 398 3913 sunt
426 3847 588 3912 stationes
611 3845 841 3933 operariorum
870 3879 912 3890 -
941 3841 1113 3924 tabernas,
1144 3859 1171 3904 c.
1194 3837 1225 3903 3.

173 3951 250 4028 dist.
272 3952 325 4016 44.

99 4045 332 4135 Ergastnlum,
355 4074 421 4141 quo
443 4051 643 4120 tenebantur
667 4053 791 4138 captivi
812 4052 847 4116 in
868 4050 979 4136 spatio
1009 4047 1227 4114 subterraneo

174 4176 205 4222 v.
235 4161 326 4224 Klots
348 4164 382 4223 et
406 4158 533 4242 scripta
555 4156 792 4239 Romanorum,
816 4174 844 4219 e.
866 4175 899 4238 g.
923 4149 1050 4230 Colum.
1076 4149 1102 4216 I.
1124 4151 1154 4233 8,
1178 4149 1228 4212 16.

179 4256 348 4326 Seneca
371 4260 413 4327 de
433 4262 485 4324 ira
507 4261 537 4326 3.
559 4259 610 4323 32.
639 4262 757 4321 Plinius
779 4262 819 4319 H.
841 4259 880 4322 N.
903 4256 953 4320 18.
971 4256 1005 4337 3.
1036 4249 1228 4338 ergastula-

176 4366 243 4429 rius
256 4363 552 4450 —ergastulariac
574 4361 745 4446 tenebrae,
767 4382 799 4429 r.
820 4359 994 4437 chrcsac.
1016 4355 1146 4441 injure
1168 4371 1228 4432 ca-
