3088 5140
558 384 708 455 -nst
752 413 794 438 a

88 559 294 642 Pulegium
318 560 408 648 apud
430 560 532 628 Indos
551 565 667 650 pipere
688 563 866 648 pretiosius
891 566 951 626 est.
974 579 1000 623 c.
1024 558 1074 624 24.
1097 556 1172 622 dist.
1194 555 1245 624 93.

89 664 287 730 Pulvillus
310 686 352 728 an
374 669 564 750 requiratur
585 667 619 728 in
642 665 763 729 altari?

263 771 386 848 Ligurio
408 767 509 832 theol.
531 789 612 832 mor.
634 767 690 833 lib·
714 770 743 832 6.
765 790 813 830 nr.
837 766 909 832 395.

90 870 301 936 Pulviuar:
331 878 409 935 ante
442 870 622 955 dignitates
652 891 717 934 non
750 870 849 936 debet
879 871 960 956 poni
990 867 1162 955 pulvinar,
1186 867 1245 934 sed

194 975 318 1040 debent
340 974 459 1040 sedere
480 977 514 1038 in
536 977 603 1038 suis
625 973 742 1038 stallis.
786 978 868 1034 Ferr.
890 975 925 1036 in
945 971 1011 1035 ind.
1033 974 1169 1066 rituum.¹

90 1077 306 1143 Punctator
328 1080 472 1142 retinere
502 1077 603 1142 debet
631 1075 751 1148 librum
780 1077 813 1140 in
842 1074 917 1139 loeo
946 1073 1098 1160 publico,
1130 1074 1243 1159 ibique

193 1182 386 1248 deficientes
426 1181 590 1268 adnotare
643 1201 682 1244 ac
731 1179 852 1244 librum
901 1177 1079 1243 ostendere
1124 1179 1242 1262 quovis

192 1284 395 1371 postulante.
450 1281 755 1369 Contrapunctator
786 1281 935 1366 ejusdem
970 1279 1149 1346 ecclessiae
1184 1279 1245 1346 eli-

194 1387 333 1472 gendus,
357 1393 394 1450 ut
417 1387 691 1468 condonatione,
716 1388 744 1448 si
767 1405 850 1470 opus
881 1387 940 1466 sit,
970 1385 1101 1468 possint
1132 1381 1247 1468 detegi

193 1488 342 1554 fraudes.
364 1488 493 1552 —Hoc
516 1489 661 1554 officium
680 1484 918 1572 invigilandum
941 1487 1087 1572 pertinet
1109 1481 1152 1548 ad
1166 1505 1247 1548 con-

196 1594 426 1677 gregationem
449 1591 702 1676 Episcoporum.

239 1695 375 1760 Statuta
398 1691 544 1780 Capituli
565 1715 596 1759 v.
608 1693 815 1780 Leodegaris
838 1691 1013 1758 Lacernae
1026 1727 1067 1738 -
1081 1691 1122 1757 de
1135 1691 1246 1756 officio

192 1801 411 1885 punctatoris.

100 1900 297 1984 Purgatio.
342 1903 403 1962 Leo
432 1899 490 1965 III.
522 1921 548 1964 c.
579 1901 628 1964 18.
659 1897 697 1966 O.
719 1899 760 1966 Η.
791 1922 844 1988 qu.
876 1898 904 1964 5.
956 1901 1111 1961 Boroutus
1140 1903 1176 1962 A.
1205 1900 1247 1961 D.

174 2005 269 2070 ’800.
293 2001 320 2090 5.
343 2004 371 2070 5.
1241 2017 1244 2028 ’

237 2107 334 2172 Haec
356 2115 429 2172 erat
451 2127 551 2192 quam
570 2109 714 2172 maxime
735 2109 769 2170 in
791 2128 853 2172 usu
880 2107 965 2192 juris
990 2103 1149 2170 Canonici
1181 2124 1247 2167 non

71 2229 75 2234 ·
194 2210 301 2275 solum
323 2213 357 2274 in
379 2213 488 2274 causis
502 2209 705 2293 clericorum,
729 2210 790 2274 sed
813 2217 847 2274 et
867 2210 1035 2291 laicorum,
1059 2229 1085 2272 e.
1098 2228 1129 2291 g.
1152 2205 1244 2292 quod

195 2313 344 2398 probans
367 2334 433 2377 non
455 2315 499 2376 sit
520 2312 608 2376 iilius
632 2312 827 2377 sacerdotis.

266 2415 310 2499 gl.
333 2414 376 2478 ad
399 2437 425 2480 c.
450 2417 499 2478 14.
522 2414 569 2480 Χ.
592 2413 634 2480 de
655 2437 752 2500 purg.
776 2435 847 2478 can.
868 2412 910 2478 V.
932 2413 982 2478 34.

101 2516 284 2600 Purgatio
307 2524 359 2582 est
381 2515 435 2583 vel
463 2517 612 2600 vulgaris
642 2517 696 2582 vel
725 2517 893 2582 canonica
938 2513 1007 2580 Sed
1030 2523 1063 2580 et
1084 2517 1243 2602 purgatio

191 2621 343 2704 vulgaris
367 2628 443 2685 ante
474 2620 641 2706 saeculum
664 2619 825 2684 decimufn
851 2619 928 2704 jure
958 2615 1126 2684 Canonico
1157 2618 1246 2684 cele-

191 2723 291 2788 brata
312 2730 380 2803 est,
402 2725 452 2786 uti
474 2721 587 2787 videre
616 2730 713 2808 potes
744 2742 789 2786 ex
817 2720 969 2786 formulis
1001 2719 1245 2788 ecclesiasticis.

194 2829 320 2889 Roeitro
343 2824 384 2889 de
406 2823 573 2890 formulis:
608 2825 728 2891 deinde
750 2845 831 2889 vero
854 2827 961 2888 omnia
984 2824 1176 2909 pendebant
1199 2845 1245 2888 ex

191 2930 390 3015 purgatione
413 2930 571 2992 canonica
592 2948 653 3012 per
675 2927 781 2992 solum
793 2929 1017 3012 juramentum
1040 2934 1249 3012 etcompur-'

193 3039 338 3116 gatores.

102 3135 330 3216 Purgatores
352 3141 691 3220 -oompurgatores,
714 3137 772 3220 qui
791 3133 900 3197 adhuc
922 3135 956 3196 in
974 3133 1051 3217 jure
1063 3130 1245 3217 Canonico,

193 3258 220 3301 e.
244 3259 275 3322 g.
297 3239 331 3300 in
355 3237 505 3301 divortiis
529 3245 562 3300 et
579 3235 787 3300 annullandis
803 3237 1017 3300 matrimoniis
1044 3236 1154 3300 officio
1166 3237 1245 3300 fun-

193 3348 332 3426 guntur:
355 3342 471 3404 stricte
490 3343 717 3404 examinentur
739 3341 836 3404 sicuti
857 3345 971 3402 testes.

262 3463 289 3505 c.
311 3444 340 3506 9.
362 3441 408 3506 X.
433 3442 474 3506 de
496 3434 590 3527 purg'.
614 3463 685 3506 can.
708 3441 747 3506 V.
770 3439 820 3506 34.

104 3543 751 3628 Pyrornantia-megia—divinatio.
774 3564 800 3608 o.
825 3546 852 3608 1.
875 3543 912 3609 Ο.
924 3541 1060 3622 XXVI.
1084 3563 1138 3628 qu.
1161 3545 1231 3609 3.4

104 3649 298 3730 Pythonas.
320 3645 553 3732 Pythonissae.
583 3643 753 3712 Phitones.
785 3645 898 3712 Vates.
930 3643 1094 3730 Spectant
1116 3645 1161 3710 ad
1192 3645 1246 3709 di-

192 3753 394 3814 vinationem
407 3751 588 3834 -spiritu
611 3751 718 3814 afflati
740 3751 861 3833 magici
883 3755 987 3813 erant.

262 3851 304 3917 V.
328 3851 497 3917 divinatio.

261 3978 288 4022 c.
313 3958 343 4020 1.
367 3953 403 4020 C.
426 3952 562 4021 XXVI.
586 3977 640 4042 qu.
663 3957 692 4020 3.
715 3959 745 4022 4.

102 4057 225 4143 l’yxis³
248 4061 281 4122 in
304 4080 371 4144 qua
392 4065 597 4146 reponuntur
618 4059 749 4126 hostiae
779 4067 993 4125 consecratae
1016 4061 1062 4126 ud
1083 4063 1246 4132 viaticum
