3088 5140
544 409 780 476 -207-

95 579 263 648 ecclesiae
290 581 510 667 Moguntinae
547 591 580 648 et
616 581 839 648 subsidiorum
874 575 1161 668 diplomatioorum
1191 581 1235 647 ad

96 685 228 752 selecta
243 687 340 770 juris
365 685 582 752 ecclesiastici
605 685 807 751 Germaniae
830 692 865 750 et
886 685 1101 751 historiarum
1123 688 1235 771 capita

95 787 294 853 elucidanda
303 809 409 874 eaque
421 788 636 874 originalibus
654 787 794 876 aliisque
812 787 1008 853 authenticis
1032 788 1235 853 documentis

94 899 260 977 congesta
282 913 389 976 aeque
405 895 492 958 notis
509 892 766 958 illustratatom.
778 891 935 957 I-XIII.
960 892 1181 956 rita-1780.
1193 925 1235 938 ··-

95 1001 132 1059 et
154 1014 317 1060 novorum
339 994 463 1060 subsid.
484 995 769 1081 diplomaticorum
793 995 836 1060 ad
867 993 993 1060 selecta
1018 995 1104 1078 juris
1127 994 1236 1059 eccla-

95 1099 226 1162 siastiei
239 1096 438 1164 Germaniae
453 1098 612 1164 at'histor.
636 1101 746 1182 capita
759 1097 966 1163 elucidanda.
988 1105 1067 1162 tom.
1077 1096 1235 1163 I—XIII.

98 1201 324 1266 mer-1789.
591 1187 598 1206 “

186 1303 263 1369 Non
285 1306 390 1368 minus
413 1302 600 1369 laudandus
633 1313 685 1370 est
713 1304 879 1371 Antonius
901 1301 1068 1369 Schmidt:
1097 1303 1152 1368 hic
1173 1323 1237 1368 no-

97 1427 178 1471 vum
201 1417 347 1492 systema
369 1409 611 1472 institutionum
629 1407 914 1494 jurisprudentiae
937 1427 1055 1472 sacrae
1076 1409 1109 1470 in
1128 1407 1235 1471 lucem

101 1510 219 1591 edidit,
241 1510 343 1595 idque
364 1513 398 1573 in
419 1532 514 1575 usum
539 1509 737 1577 Germaniae
759 1513 969 1596 potissimum
990 1509 1179 1575 illustravit.

188 1612 282 1676 Tunc
303 1633 384 1678 vero
408 1614 603 1679 thesaurum
634 1614 720 1698 juris
749 1611 980 1681 Ecclesiastici
999 1616 1033 1676 in
1063 1612 1137 1678 VII.
1159 1622 1236 1678 tom.

98 1715 325 1804 promulgavit
347 1735 528 1801 omnesque
548 1716 619 1782 fera
641 1719 832 1782 canonistas
853 1718 887 1779 in
905 1718 1075 1802 propriam
1092 1719 1238 1802 scripto-

98 1841 174 1884 rum
187 1819 273 1904 juris
287 1817 446 1884 Canonici
458 1822 652 1885 societatem
668 1822 765 1905 quasi
780 1820 961 1906 conjunxit.
982 1819 1047 1884 Hic
1058 1823 1131 1905 ipse
1152 1827 1237 1899 crat,

101 1925 159 2008 qui
182 1929 297 1988 contra
329 1921 557 2008 Congresaum
575 1921 794 1990 Embsensem
814 1943 853 1988 ae
872 1926 1039 2009 opposuit,
1062 1930 1097 1988 et
1117 1921 1238 1988 librum

100 2028 307 2112 consempsit,
339 2029 396 2112 qui
424 2027 488 2097 fuit
517 2025 728 2112 cupidissime
761 2026 885 2110 lectus,
915 2025 1077 2112 aulasque
1107 2027 1238 2092 Princi-

100 2148 181 2215 pum
203 2131 384 2215 praecipue
405 2127 594 2216 Episcopos
618 2127 819 2196 Germaniae
841 2136 987 2194 attentos
1009 2128 1135 2194 habuit.

187 2231 279 2298 Inter
299 2234 408 2298 socios
431 2231 580 2297 thesauri
601 2231 791 2296 nominandi
811 2240 890 2300 sunt
913 2231 1085 2317 -Rieggor,
1114 2230 1237 2313 Neller,

102 2335 264 2420 Gallade,
288 2336 388 2419 Diirr,
411 2337 523 2422 qui‘in
545 2335 609 2401 hoc
630 2334 789 2401 thesauro
810 2333 1040 2400 disseruerunt
1062 2332 1104 2399 de
1126 2334 1239 2419 Impe-

102 2447 217 2506 ratore
239 2437 525 2509 Concordatcrum
546 2447 739 2526 protectore
761 2474 803 2488 --
826 2437 869 2504 de
891 2457 975 2524 pecc
1004 2437 1239 2524 Westphalioa

102 2577 145 2596 ι·-
167 2550 202 2608 et
224 2540 266 2609 de
286 2542 448 2610 doctrinis
470 2543 632 2628 omnibus,
656 2563 744 2630 quae
766 2544 810 2608 ad
831 2545 993 2608 internam
1011 2542 1094 2626 juris
1125 2539 1239 2606 Gano-

102 2649 169 2712 nici
189 2649 495 2733 interpretationem
517 2654 681 2734 spectant.

192 2748 276 2815 Cum
298 2749 380 2816 ordo
404 2735 607 2816 Jesuitarum
631 2771 832 2837 suppressus
855 2756 958 2834 esset,
988 2751 1085 2836 pauci
1106 2766 1240 2814 reman-

104 2859 230 2937 serunt,
253 2853 310 2939 qui
328 2853 385 2938 jue
402 2851 605 2919 Canonicum
619 2851 787 2938 docerent,
804 2873 831 2919 e.
847 2875 878 2939 g.
901 2852 1070 2938 ‚Iosephus
1092 2851 1239 2932 Kleiner,

103 2956 216 3025 Kiibel
244 2957 295 3021 vir
325 2955 586 3041 cruditissimus,
624 2977 645 3021 a
674 2955 890 3023 celeberrimo
921 2961 1038 3021 nostro
1067 2953 1239 3039 Savignyo

103 3060 281 3144 laudatus,
304 3063 363 3146 qui
394 3059 665 3126 dissertationem
686 3062 824 3146 scripsit
853 3059 896 3124 de
926 3057 1239 3145 dispensationibus,

105 3166 167 3231 sed
186 3185 267 3230 mox
288 3163 423 3229 saecum
442 3163 573 3229 XVIII.
597 3163 641 3227 ad
662 3164 762 3229 finem
783 3162 945 3248 perducto
967 3181 1073 3228 novus
1097 3179 1141 3224 err
1167 3181 1241 3223 om-

104 3271 196 3333 nium
219 3289 329 3339 rorum
352 3270 570 3335 conversione
592 3270 626 3332 in
650 3265 762 3334 Gallia
783 3267 875 3331 facta
897 3273 932 3331 et
954 3264 998 3330 ad
1027 3263 1109 3330 alias
1131 3271 1239 3328 terras

105 3371 272 3442 translata
296 3380 432 3438 exortus
464 3389 574 3438 rerum
601 3371 685 3436 crdo
708 3391 830 3436 novum
858 3368 999 3455 protulit
1028 3369 1241 3434 scientiarum

106 3483 141 3542 ct
163 3497 272 3542 rerum
293 3475 500 3562 publicarum
521 3493 737 3562 progressum
758 3474 900 3540 forsitan
922 3479 956 3540 et
978 3491 1176 3558 regressum.
