3080 5150
586 312 801 378 ..71-

208 503 294 553 vena
317 481 494 570 quaedam,
515 490 554 550 ut
573 484 885 569 tenuemus
908 482 953 550 ad
976 505 1034 552 cor
1052 497 1160 572 usqm
1181 507 1261 574 per·

147 597 151 604 ’
208 591 330 656 veniat.
353 609 380 652 o.
403 589 432 652 i.
455 585 493 653 G.
514 587 641 654 XXX.
664 587 772 673 qu'b.
926 621 928 628 ·
958 603 959 610 ’

108 689 286 756 Feminae
307 689 476 758 mulieres
498 691 646 756 colorum
667 691 754 758 fucis
777 693 827 758 nti
846 711 915 756 non
927 691 1049 758 debent
1069 711 1097 758 c.
1110 692 1161 760 88.
1184 695 1260 761 dist.

207 795 238 862 5.
262 794 304 860 ds
326 815 474 862 consecr.
682 803 684 808 '

157 933 160 938 ·
230 957 231 962 ,
253 896 381 984 Siqua
402 897 519 964 mulier
542 896 801 986 suo'proposito
823 898 904 964 utile
922 897 1088 984 judicans,
1110 908 1149 965 ut
1170 901 1261 967 civili

194 1008 303 1068 :ueste
324 1007 448 1084 utatur,
471 1010 612 1088 propter
634 1002 709 1086 hoo,
731 1001 823 1088 quod
846 1001 976 1067 oivimm
1006 1001 1156 1068 habitum
1183 1005 1259 1067 imi-

205 1112 308 1188 tatur,
332 1103 507 1170 anathema
530 1107 582 1169 sit.
607 1125 633 1168 c.
658 1106 685 1168 6.
710 1103 787 1170 dist.
809 1105 860 1171 30.
981 1161 985 1170 .

110 1208 332 1274 fenestrae:
368 1207 469 1293 quod
490 1210 609 1276 attinet
638 1207 682 1273 ad
708 1215 923 1294 prospectum
949 1210 985 1272 in
1013 1207 1260 1274 eeclesiam-s

207 1313 427 1397 respicientes
449 1313 484 1375 in
506 1313 709 1377 monasteria
730 1310 928 1380 monialium.
971 1313 1097 1376 rme.

109 1413 246 1488 Feriuie
265 1421 309 1472 ἢ
332 1416 471 1499 quaevis
494 1414 584 1498 dies,
607 1417 642 1480 in
658 1433 732 1500 vqua
754 1415 854 1500 Deusg
877 1413 997 1480 colitur
1019 1447 1061 1465 -·
1083 1413 1260 1501 appellen-

205 1523 262 1580 tur
283 1515 423 1600 natales,
446 1519 475 1582 si
497 1519 623 1586 sanctis
637 1517 812 1582 dedicatae
829 1523 920 1600 eunt,
939 1519 974 1582 in
988 1516 1108 1602 quibus
1130 1525 1260 1602 marty-

115 1677 118 1684 ,
150 1645 151 1648 ¹
182 1623 291 1691 sium
318 1627 525 1706 receperunt.
577 1618 671 1705 Opus
701 1623 977 1686 Boumueromm.
1017 1617 1143 1686 Videas
1172 1638 1257 1705 opus

183 1721 375 1792 celeberr.-
400 1721 635 1806 chronologiae
665 1722 719 1788 ab'
740 1725 867 1788 Ideierr‘o
896 1722 1083 1790 confectum
1115 1729 1193 1792 tom.
1216 1721 1258 1788 Π.

204 1847 238 1910 p.
261 1825 333 1907 180,
357 1826 414 1908 qui
435 1827 548 1889 varias
571 1827 754 1894 sententies
769 1825 915 1911 profert.
937 1824 1162 1910 Appellantur
1184 1824 1255 1889 dies

171 1967 174 1972 -
204 1927 359 1994 festivi
394 1926 450 1994 vel
484 1927 706 1994 immutabiles
743 1927 798 1994 uel
835 1927 1022 2010 mutabiles,
1060 1927 1255 1996 obeuntum

209 2028 382 2097 eeclesiae.
426 2030 606 2098 Decretum
629 2032 775 2100 crotoni
797 2030 873 2096 dist
888 2030 918 2096 3.
942 2029 985 2096 de
1007 2024 1154 2096 conseer.
1175 2033 1258 2093 Foe-

207 2136 307 2200 toaiat
328 2130 353 2198 1.
375 2153 408 2217 p.
432 2133 504 2198 146.
546 2136 672 2216 Boeoti,
702 2133 826 2199 institi.
855 2132 898 2199 de
919 2133 1084 2200 festorum
1106 2132 1258 2200 celebra-

205 2237 305 2302 tione.
333 2238 445 2301 Benaci.
466 2234 564 2304 XIV.
588 2235 619 2302 d.
640 2257 667 2303 s.
691 2236 721 2300 d.
744 2237 806 2302 sub
829 2255 913 2302 voce
946 2236 1035 2302 festi.
1064 2234 1257 2303 Brevia-

205 2341 311 2402 rium
333 2338 528 2404 Romanum.
1149 2333 1159 2352 ⁸

117 2440 244 2508 Furiae
266 2441 436 2526 legitimae
458 2449 540 2525 tres,
562 2441 607 2527 gl.
630 2442 674 2508 ad
697 2461 723 2508 c.
748 2444 776 2506 1.
799 2439 837 2508 Ο.
859 2439 979 2510 XXII.
1003 2460 1057 2526 qu.
1074 2440 1104 2510 5.

116 2545 360 2624 Petulantium,
382 2543 426 2612 to
455 2567 523 2630 quo
552 2545 723 2616 scribebat
754 2548 946 2614 inuocantes
975 2547 1009 2612 in
1038 2543 1181 2630 epistola
1214 2544 1258 2608 ad

205 2649 410 2718 Deeeuuium
432 2656 466 2714 et
487 2651 612 2715 Suriam
642 2657 676 2716 ot
698 2651 892 2724 Mentiodam
919 2650 998 2734 ipsa
1027 2657 1102 2716 erat
1130 2645 1257 2717 eueha-

204 2753 311 2818 ristia.
355 2755 508 2819 ilwmaes.
530 2751 556 2818 Ι.
579 2751 601 2818 t
623 2753 653 2816 2.
676 2773 704 2818 o.
727 2752 777 2817 21.
798 2773 847 2820 ur.
870 2753 900 2816 6.
923 2754 952 2818 9.
976 2753 1025 2818 10.
1050 2752 1099 2819 lt.

117 2853 337 2934 Formosae
359 2887 401 2902 --
422 2853 561 2924 feruidi
582 2853 715 2940 Agosto
738 2889 780 2902 -
802 2855 926 2924 festum
948 2853 1110 2922 eeclesiae
1133 2851 1258 2924 Galen-

205 2957 258 3026 dis
279 2957 427 3041 Augusti
449 2991 491 3006 --
512 2957 638 3026 Ferri
662 2957 696 3022 di
717 2955 751 3022 S.
774 2958 1039 3026 Plecterer.
1063 2957 1143 3022 s.‹h.
1165 2980 1196 3022 v.

117 3059 235 3128 Ferte.
253 3060 396 3128 Tarde.
425 3059 582 3130 Fortun.
616 3059 787 3128 Viertheil.
808 3065 849 3125 du
871 3064 990 3129 liena.
1035 3064 1173 3128 Resona
1190 3059 1256 3146 jur.

205 3179 276 3232 otu.
297 3185 330 3250 p.
353 3163 426 3231 564.
801 3203 803 3211 ·

118 3265 247 3334 ueruto
268 3270 288 3332 i.
319 3287 347 3336 e.
369 3265 508 3333 bandus
537 3266 716 3352 pastoralis
749 3267 910 3353 episcopi,
932 3269 973 3334 de
1003 3267 1121 3333 mesae.
1162 3268 1192 3335 J·
1217 3269 1256 3332 H.
1324 3305 1330 3320 .

182 3374 335 3435 'Belum
356 3369 400 3435 ad
422 3390 451 3438 e.
470 3369 520 3438 63.
546 3369 624 3438 dist.
647 3369 698 3436 50.
721 3377 788 3436 not.
812 3373 842 3438 9.

118 3473 237 3554 Festo,
259 3474 463 3538 festivitates
493 3496 524 3537 v.
557 3475 698 3540 statlsoa
729 3481 763 3538 et
791 3475 915 3540 Feruor.
944 3470 1043 3536 bibl:
1076 3470 1115 3542 Iu
1144 3473 1256 3556 capite

203 3576 438 3661 chronologiae
466 3583 604 3644 nostres
629 3578 779 3642 invenies
806 3577 898 3644 festa
928 3574 1021 3642 cheri
1051 3580 1085 3642 et
1113 3573 1184 3659 poli
1213 3609 1255 3622 -

202 3681 392 3766 posteriora
421 3687 498 3744 suut
534 3679 591 3744 vel
627 3679 790 3765 simplicia
820 3678 875 3742 vel
912 3676 1072 3762 duplicia,
1109 3683 1143 3740 et
1170 3676 1255 3744 haec

202 3783 332 3868 majora
355 3785 538 3865 etminora,
561 3789 640 3848 tunc
664 3793 798 3868 quoque
820 3779 1057 3865 semiduplioia.
1080 3780 1161 3849 Dies
1175 3781 1256 3845 festi

200 3884 406 3972 principales
429 3894 463 3955 et
484 3885 640 3956 monsiles
662 3889 696 3953 iu
720 3885 910 3954 Oriente.

245 3990 285 4054 In
304 3987 488 4058 Occidente
504 3989 691 4058 afferantur
712 3988 900 4072 Adventus,
922 3987 1090 4060 Nativitas
1109 3988 1253 4070 Domini,

141 4105 145 4112 ’
206 4095 413 4162 circumcisio
435 4093 580 4176 Domini,
603 4093 799 4178 epiphania,
823 4091 893 4158 dies
929 4093 1065 4168 cineus.
1087 4093 1253 4177 passionis

201 4195 397 4282 palmarum,
420 4194 653 4268 hebdomadae
675 4197 822 4281 maJoris,
845 4215 950 4288 ooeua
969 4195 1110 4278 Domini,
1132 4213 1254 4279 peras-

201 4319 295 4390 oeve,
316 4299 481 4372 sabbatus
503 4305 651 4387 sanctos,
673 4299 815 4392 pascha,
836 4299 998 4370 dominice
1020 4301 1055 4368 iu
1077 4297 1173 4386 albis,
1189 4319 1254 4390 ,ro-
