3108 5138
737 357 957 422 ...10-

291 521 317 560 ·’
367 523 571 595 stantissime
617 529 769 594 exhibita
802 536 889 594 sunt.
941 527 1051 608 Quum
1088 533 1174 596 inter
1210 536 1426 601 recentiores

362 637 510 696 Pessime
539 634 581 698 de
610 653 772 721 processu
801 633 932 698 illorum
955 641 1143 722 temporum
1166 641 1426 703 accuratissime

362 740 544 824 scripserit,
567 759 632 802 non
655 737 720 801 alia
741 741 806 824 ipsi
829 746 1007 802 occurrunt
1029 739 1185 826 exempla
1200 759 1243 804 ex
1265 741 1425 807 fontibus

363 848 470 924 eruta,
493 862 593 926 quam
616 861 666 923 ea,
689 861 777 926 quae
799 845 928 904 Pomias
950 841 1075 920 retulit,
1098 843 1193 927 cujus
1216 843 1337 908 librum
1353 865 1426 909 au-

362 948 436 1008 tem
452 943 602 1006 Facilem
621 961 730 1029 neque
752 946 903 1030 respexit
924 965 1033 1030 neque
1055 947 1180 1011 citavit.

278 1044 476 1131 Applicatio
499 1050 622 1111 missae
644 1081 685 1102 -ι-
707 1045 857 1111 reductio
872 1046 1106 1132 applicationis
1128 1050 1214 1113 Fer.
1229 1051 1275 1112 nl.
1299 1051 1369 1114 Ger.
1395 1049 1424 1113 L

361 1173 393 1236 p.
418 1149 511 1218 1503.

277 1252 510 1338 Apoeastasis
532 1257 553 1318 i.
575 1275 603 1318 e.
625 1255 859 1318 restitutio
881 1256 915 1316 in
937 1255 1113 1338 integrum.
1185 1287 1189 1294 ·

153 1393 158 1398 -
277 1355 509 1442 Apocrisiarii
532 1357 622 1422 sedis
647 1357 855 1442 apostolieae
886 1377 914 1420 c.
938 1359 966 1422 1.
991 1355 1067 1421 dist.
1091 1358 1141 1422 16.
1165 1378 1192 1420 c.
1213 1359 1243 1420 4.
1265 1357 1314 1422 X.
1335 1358 1361 1423 l.
1390 1359 1424 1422 6·

362 1464 512 1526 -inter
536 1481 593 1525 eos
615 1463 736 1541 nuncii,
756 1459 871 1544 legati,
896 1461 952 1544 qui
975 1480 995 1522 a
1018 1461 1176 1545 pontifice
1195 1459 1346 1526 Romano
1372 1463 1423 1527 ad

366 1563 569 1630 Comitatum
591 1563 825 1644 mittebantur,
848 1562 906 1625 ubi
934 1583 990 1626 res
1021 1562 1185 1628 ccclesiae
1212 1573 1423 1649 peragerent

363 1674 396 1732 et
420 1667 460 1732 de
475 1669 516 1731 iis
532 1667 706 1749 referrent,
730 1665 785 1730 vel
808 1667 863 1751 qui
880 1664 1016 1750 pallium
1032 1665 1297 1751 metropolitanis
1311 1667 1422 1732 affer-

363 1778 446 1834 rent.
492 1775 645 1834 reomao.
666 1770 784 1836 Index,

276 1872 450 1958 Apologia
473 1909 514 1920 -
537 1873 724 1959 explicatur
747 1875 781 1936 in
803 1872 943 1958 glossis:
965 1864 1029 1935 cini
1046 1871 1136 1958 quod
1156 1880 1209 1936 est
1230 1893 1296 1956 res,
1319 1864 1422 1955 λυγὸς

362 1975 453 2062 quod
487 1984 539 2040 est
567 1997 685 2041 sermo.
717 1975 873 2061 apologia
903 1979 1033 2040 Decidio
1063 1978 1083 2040 i.
1107 1996 1134 2041 e.
1164 1979 1339 2041 excusatio
1373 1976 1420 2041 de

364 2077 547 2163 adulteriis,
576 2099 663 2165 quae
685 2081 793 2140 David
815 2081 977 2143 commisit
999 2099 1073 2143 cum
1095 2081 1246 2142 Berrolio.

279 2183 452 2266 Apostuttt
474 2181 542 2248 vid.
565 2180 647 2248 cod.
671 2183 788 2266 Theoi,
812 2183 930 2244 liorem·
957 2184 991 2246 in
1014 2183 1133 2266 quavis
1161 2180 1261 2246 litera
1293 2181 1420 2247 dictio-

361 2287 446 2349 narii
468 2284 627 2370 ejusdem.

277 2387 459 2476 Apostoli:
486 2388 644 2474 Apostoli
667 2396 762 2452 erant
785 2395 843 2452 aut
865 2389 1014 2473 episcopi
1043 2395 1101 2451 aut
1131 2387 1267 2473 quidam
1289 2387 1419 2452 solum-

329 2481 333 2490 ’
367 2491 465 2556 modo
488 2491 692 2556 sacerdotes.
715 2490 759 2575 gl.
782 2490 826 2554 ed
849 2511 876 2554 c.
899 2491 928 2556 2.
953 2489 1029 2554 dist.
1051 2492 1103 2554 47.

276 2583 444 2679 spensti
466 2601 500 2658 et
523 2593 830 2678 evangelistae
860 2599 937 2656 sunt
962 2593 1111 2677 ejusdem
1134 2593 1307 2679 qualitatis
1329 2595 1418 2656 Fer-r.
1538 2623 1539 2678 j

362 2697 428 2762 ind.
451 2699 509 2761 vll.

276 2789 506 2885 ,spostolicae
527 2801 688 2863 vicarius:
718 2819 816 2884 quem
845 2800 989 2863 instituit
1011 2799 1108 2864 sedes
1132 2799 1319 2885 apostolica
1342 2802 1417 2865 sive

362 2919 436 2968 cum
457 2909 566 2967 metus
590 2909 652 2982 est,
675 2922 717 2966 ne
742 2902 867 2966 duitius
882 2901 1024 2966 ecclesia
1038 2909 1176 2987 pastore
1193 2911 1317 2986 eareat,
1341 2905 1416 2968 sive
1537 2933 1538 2940 ¹

362 3028 435 3072 cum
454 3005 571 3070 turbas
596 3011 629 3069 et
652 3003 790 3069 dissidia
817 3007 851 3068 in
881 3007 997 3068 vicarii
1026 3006 1222 3090 capitilaris
1251 3007 1416 3071 electione

283 3116 287 3128 ’
364 3110 536 3194 prospicit,
559 3111 631 3172 sive
653 3129 727 3172 cum
750 3110 927 3194 episcopus
949 3129 1044 3172 suum
1074 3131 1158 3194 opus
1181 3116 1273 3174 recte
1295 3127 1416 3195 gerere

252 3209 286 3232 ”’
361 3233 428 3276 non
449 3218 572 3298 potest.
607 3209 724 3276 Sixtue
747 3209 789 3276 V.
818 3213 851 3274 in
881 3211 998 3278 bullar.
1023 3220 1101 3276 torn.
1124 3215 1153 3276 4.
1176 3235 1208 3298 p.
1232 3216 1261 3277 4.
1283 3234 1315 3298 p.
1339 3213 1415 3277 399.

277 3316 533 3400 Apostolorum
557 3317 810 3379 constitutiones
834 3322 868 3378 et
892 3336 1045 3381 canones.
1068 3318 1163 3395 Drey,
1185 3335 1270 3380 nene
1285 3315 1415 3379 Unter-

362 3409 556 3502 snnhnngen
576 3418 660 3484 iiber
691 3418 744 3482 die
768 3416 1039 3482 Constitutionen
1067 3417 1134 3482 und
1156 3418 1324 3484 *Kanones
1354 3417 1415 3483 der

362 3522 516 3607 Apostel.
539 3522 715 3606 Tiibingen
740 3523 833 3586 1832.
876 3523 999 3598 Biclrell,
1025 3520 1227 3586 Geschiohta
1242 3521 1309 3590 ,des
1331 3521 1415 3585 Kir-
1535 3507 1536 3589 l

363 3625 569 3689 ehenrechts.
614 3623 756 3690 Giessen
773 3623 866 3686 1843.
911 3627 1023 3703 Hesele,
1048 3621 1415 3715 Conciliengeschichte

282 3749 286 3755 ·
360 3731 396 3790 in·
415 3729 480 3794 fltte
502 3730 600 3814 primi
621 3727 805 3791 voluminis.

277 3817 472 3913 Apostolus
494 3833 514 3896 i.
537 3851 565 3895 e.
587 3829 699 3894 liber
722 3828 1028 3914 epistolarum,
1058 3830 1118 3895 vel·
1142 3830 1320 3896 lectionum
1350 3833 1413 3894 im-
1534 3807 1535 3851 t

284 3945 287 3952 '
362 3937 477 4020 primis
500 3937 636 4012 Apostoli
658 3937 750 3995 Pauli
772 3967 813 3978 -
835 3935 869 3996 in
891 3936 993 3998 missa
1016 3933 1197 4000 adhibitus.

277 4039 385 4119 Aque
402 4037 589 4120 Benedicta,
611 4036 760 4101 lustralis
782 4057 813 4100 v.
836 4041 982 4102 Ferraris.
1005 4040 1133 4104 Moruni.

277 4139 516 4222 Aquamanllc
532 4173 575 4186 -
595 4139 730 4223 Manile,
753 4160 862 4225 aquae
874 4141 1011 4224 manile,
1036 4139 1247 4228 aquiminele,
1270 4141 1413 4226 aquimi-

361 4244 490 4308 narium
512 4276 553 4291 -·-
576 4259 637 4306 vas
667 4241 819 4309 lavandis
848 4245 999 4310 manibus
1030 4250 1154 4330 aptum.
1184 4265 1216 4309 v.
1246 4245 1414 4306 amotae
1532 4293 1533 4304 .

363 4367 389 4418 a·
410 4367 442 4412 v.
465 4347 726 4434 aquiminarium.
748 4368 776 4414 c.
800 4350 828 4413 l.
851 4348 927 4416 dist.
950 4349 1009 4418 26.
1023 4349 1083 4414 ubi
1103 4355 1137 4413 et
1159 4346 1236 4432 alia,
1258 4365 1346 4434 qnae
1369 4345 1413 4411 ed
1532 4339 1533 4370 ³
