3080 5150
550 362 765 434 μω...

174 549 364 628 perque'ex
378 539 669 627 patreprofieieci'3
692 560 767 606 eum
788 544 900 606 autem
910 534 1226 614 Macedonianomm

177 645 325 710 haeresis
357 644 553 728 affirmaret,
582 647 736 730 spiritum
764 663 906 710 revera
928 662 948 708 a
970 640 1038 708 filio
1068 659 1143 708 esse
1169 659 1226 705 re-

176 748 302 831 lictum,
323 768 461 814 neeesse
482 748 546 812 fuit
570 748 666 814 simul
687 748 901 834 pronunciari

242 853 323 937 „qui
345 871 389 916 ⁰1
410 857 509 936 Patre
530 851 666 937 filioque
687 848 873 937 procedia“

176 953 279 1020 Cone.
302 951 553 1040 Constantinop.
575 954 617 1020 11.
662 954 733 1020 Der
759 949 921 1018 Katholik
952 948 1044 1018 1858.
1078 947 1223 1037 August.

174 1058 302 1122 Zweite
321 1057 448 1122 Hiilfte.
470 1077 498 1124 e.
523 1059 551 1122 1.
572 1057 619 1124 X.
641 1057 667 1124 I.
691 1059 719 1124 1.

217 1159 391 1226 Ecclesiae
414 1181 557 1246 graecae
577 1163 665 1227 inest
685 1157 930 1248 quodammodo
954 1159 1151 1244 principium
1159 1175 1226 1222 ne-

173 1266 349 1350 gantivum
370 1271 405 1328 et
425 1266 711 1350 protestantium,
732 1262 888 1349 negando
912 1259 1051 1330 consue
1070 1277 1225 1328 oecume-

171 1370 250 1432 nica
272 1373 305 1433 et
326 1367 529 1432 recurrendo
561 1367 605 1432 ad
633 1367 942 1454 interpretationem,
972 1363 1158 1450 subjective
1181 1397 1224 1410 -

172 1473 435 1558 grammaticam.
504 1524 523 1538 .
878 1477 881 1487 '

219 1573 289 1641 Sed
310 1577 339 1638 si
360 1595 415 1640 res
438 1581 529 1640 reete
553 1595 597 1640 ex
619 1574 760 1640 historia
782 1573 978 1659 dogmatum
1000 1570 1225 1658 objectiva

171 1677 379 1762 intelligitur,
401 1697 541 1742 necesse
562 1677 885 1762 nonestliturgiam
898 1674 1058 1740 ecclesiae
1080 1691 1225 1758 graecae

170 1783 317 1846 unitae
338 1783 460 1845 mutari
480 1781 625 1868 ideoque
646 1783 729 1845 uniti
750 1801 832 1844 non
853 1785 1007 1846 tenentur
1021 1775 1223 1862 ineymbelo

129 1871 136 1875 ”
170 1885 404 1971 pronunciare,
427 1905 449 1946 a
470 1891 567 1969 patre
588 1883 740 1970 filioque,
771 1885 851 1969 quia
871 1884 954 1969 ipsis
983 1899 1143 1948 concessa
1172 1885 1225 1944 est

172 2009 286 2061 eorum
297 1987 434 2071 liturgia
447 1989 688 2072 originaria
706 2021 748 2038 --
761 2006 962 2072 quamquam
974 1973 1097 2069 dogma
1115 1985 1224 2068 ipsum

170 2090 335 2158 eeclesiae
370 2089 555 2156 catholicae
586 2090 724 2156 credere
753 2089 885 2156 debent.
929 2091 1041 2152 Baaed.
1062 2084 1161 2154 XIV.
1190 2087 1225 2148 in

170 2193 265 2258 bulla
294 2195 400 2273 „etsi
429 2191 706 2279 pastoralis“.
734 2192 860 2258 Bullar.
893 2185 1223 2274 Bencdiot.·1.p.57.

172 2295 289 2362 Cenat.
312 2300 424 2360 Benaci.
446 2294 675 2380 „Allatae.“

87 2400 253 2484 Filioque
275 2435 317 2448 -
340 2401 381 2465 ci.
404 2399 553 2484 glossam
576 2399 619 2463 ad
641 2421 669 2463 c.
691 2421 746 2464 un.
766 2401 808 2462 in·
822 2396 894 2464 VI⁰.
916 2397 941 2463 Ι.
986 2395 1223 2481 „Doctores

173 2503 381 2570 Graecorum
404 2511 438 2569 et
460 2501 686 2568 Latinorum.“

83 2609 109 2676 F
110 2607 241 2675 initum
263 2640 304 2654 -
318 2605 452 2692 quando
463 2607 586 2671 dicitur
599 2627 674 2672 esee
689 2609 859 2692 negotium
871 2607 1001 2671 finitum
1013 2623 1223 2692 quocumque

170 2709 290 2792 mod0‚·
305 2717 389 2796 puta
411 2712 575 2775 sententia
592 2709 647 2775 vel
677 2713 912 2776 transactione.
943 2708 987 2795 gl.
1021 2708 1065 2774 ad
1095 2727 1123 2774 c.
1147 2709 1166 2770 2
1188 2709 1222 2772 in

169 2813 245 2879 V10.
267 2814 292 2878 Ι.
305 2814 358 2876 22.
378 2813 456 2878 inde
466 2816 684 2898 exceptiones
695 2813 763 2878 litis
782 2816 973 2898 ingressum
994 2810 1223 2898 impedientes.

83 2917 283 2987 Flabellum
305 2949 347 2964 -
369 2916 520 2999 ilabmm,
543 2922 596 2980 est
623 2919 892 2981 instrumentnmr'
914 2914 1093 3002 suppellex
1114 2933 1223 2998 sacra,

105 3049 108 3064 v
170 3041 241 3107 qua
261 3021 366 3084 utitur
385 3019 423 3083 P.
447 3015 481 3084 S.
501 3022 648 3084 incertis
670 3019 972 3086 laetificationibus.
995 3021 1115 3082 Morari
1136 3039 1162 3084 a.
1189 3040 1223 3084 v.

170 3122 318 3190 flabello.

84 3228 307 3294 Flammeum
322 3225 528 3312 nuptiale—
546 3209 700 3295 uelamen
716 3226 872 3310 coeleste,
896 3225 987 3311 quod
1015 3245 1220 3312 purpureum

171 3338 247 3396 erat
266 3337 356 3396 teste
378 3335 535 3392 ambrosio
556 3330 613 3396 lib.
637 3329 679 3395 de
700 3333 785 3416 virg.
808 3352 834 3396 e.
849 3329 900 3394 15.
921 3331 955 3394 in
969 3331 1101 3414 signuni
1112 3328 1224 3416 pudo-2

169 3437 218 3500 ris
241 3454 342 3519 super
364 3455 523 3519 sponsum
554 3441 587 3500 et
616 3455 774 3520 sponsam
803 3440 987 3499 extensum.
1028 3435 1158 3499 Marica.
1180 3431 1224 3498 de

170 3539 298 3623 antiqu.
321 3537 400 3604 ecel.
419 3539 472 3600 rit
493 3558 525 3623 p.
549 3539 578 3600 2.
601 3558 628 3604 e.
651 3541 680 3602 9.
703 3545 764 3602 art
788 3539 817 3602 9.
858 3535 910 3601 Of.
934 3558 961 3602 o.
982 3535 1013 3600 3.
1035 3535 1073 3602 O.
1095 3533 1222 3606 XXX.

171 3663 226 3728 qu.
250 3639 279 3704 5.

216 3741 315 3821 Quod
336 3742 534 3828 nonhabet,
558 3745 615 3830 qui
641 3743 685 3808 ad
702 3743 867 3809 secundas
878 3746 1011 3831 nuptias
1026 3743 1159 3828 transit,
1178 3763 1222 3809 -eo

169 3847 281 3931 modo,
306 3849 384 3932 quia
399 3846 629 3914 benedictione
645 3847 699 3913 vel
720 3869 787 3914 non
802 3848 931 3935 indiget
944 3847 999 3913 vel
1020 3869 1088 3913 non
1109 3851 1221 3914 utitur.

84 3950 262 4017 Florenus
290 3987 332 3997 -
369 3957 503 4016 moneta
534 3972 663 4018 aurea
691 3952 970 4037 Florentinorum,
998 3951 1077 4018 inde
1105 3952 1224 4019 floreni

168 4055 342 4141 pontificii,
364 4053 578 4136 Rhenensee,
606 4053 759 4121 Rhenani
772 4063 834 4120 eto.
857 4060 899 4118 da
914 4062 1032 4119 Ferrea.
1056 4055 1098 4122 de
1120 4058 1223 4122 flore-

169 4160 222 4221 nia
246 4160 471 4244 argenteis
496 4166 530 4224 et
552 4157 950 4246 Germaniaeincorpore
958 4161 1045 4246 juris
1067 4163 1222 4248 nonagi-

167 4271 241 4328 tur:
262 4263 296 4324 in
318 4281 391 4347 cap.
413 4279 466 4326 un.
491 4269 666 4352 extravag.
690 4283 806 4332 comm.
825 4262 867 4330 de
889 4265 1023 4332 florenis
1052 4264 1223 4336 floren-

169 4367 276 4432 tinis
300 4386 410 4434 sermo
431 4375 491 4434 est
538 4385 541 4393 ’
1064 4392 1070 4402 ’
