3080 5150
759 357 1000 426 ..123-

908 469 932 518 t

311 531 516 620 Neophytos
537 539 632 601 arcet
654 531 833 620 episcopus
855 529 999 616 Paulus,
1033 529 1095 597 sed
1124 529 1371 617 quodammodo
1391 549 1449 598 ne-

397 637 516 726 ophyti
537 635 767 702 admittuntur.
812 638 917 700 Ttom.
939 656 966 701 s.
987 634 1018 700 h.
1040 657 1071 700 v.

311 740 447 808 Noctua
469 739 682 824 noctevidet
704 737 763 804 lex
783 736 862 804 huic
884 746 1047 810 excaecat
1069 737 1205 823 ocellos,
1228 738 1298 806 cti.
1320 747 1448 807 extrav.

397 865 513 910 comm.
535 843 577 910 de
599 842 676 928 mej.
699 848 734 908 et
756 839 853 908 obe&

311 946 445 1015 Nomen
466 947 736 1013 mahumetanam
752 964 925 1014 assumere
946 954 1040 1016 certe
1050 945 1205 1014 nonlicet
1220 943 1264 1011 od
1278 944 1448 1012 occultan-

398 1051 476 1118 llem
506 1049 774 1118 Christianorum
803 1047 1009 1135 religionem.
1060 1053 1183 1116 Fmer.
1219 1047 1262 1114 V.
1291 1047 1387 1117 tides.
1413 1083 1445 1093 -

398 1154 597 1220 additiones.

443 1255 601 1324 Ceterum
632 1275 815 1342 cognomen
835 1277 903 1322 non
923 1263 976 1322 est
997 1276 1053 1324 res
1076 1256 1276 1341 christiana,
1294 1257 1345 1321 uti
1368 1275 1448 1342 pro-

396 1381 523 1427 nomen.
560 1359 1016 1426 accumularent.
1041 1357 1323 1446 13.0.20.§.8.
1349 1358 1398 1426 13.

311 1461 562 1530 Nomenclntor
583 1461 625 1531 V.
646 1465 688 1527 du
709 1465 828 1527 iiam.

311 1564 513 1646 NomInatio
542 1569 702 1634 canonica
730 1565 841 1652 glad
870 1587 899 1633 c.
920 1566 951 1634 3.
979 1565 1026 1633 X
1055 1565 1081 1633 1.
1110 1565 1140 1632 5.
1169 1567 1350 1632 nominatio
1379 1564 1447 1631 sole

356 1725 366 1732 .
397 1669 522 1736 nullum
547 1671 603 1756 jus
627 1671 772 1757 acquirit
800 1671 986 1735 nominator
1022 1671 1239 1736 nominationi
1268 1689 1335 1734 non
1363 1671 1447 1734 inest

398 1781 535 1861 pactum
557 1795 585 1842 c.
607 1775 658 1840 28.
679 1773 728 1839 X.
751 1771 793 1838 de
814 1771 910 1842 elect
932 1771 958 1838 L
981 1775 1011 1838 6.
1032 1772 1130 1838 aliter
1151 1773 1274 1858 injure
1288 1780 1447 1860 patrona-

396 1883 451 1943 tus
482 1915 523 1928 -
546 1895 680 1964 semper
713 1897 754 1942 ea
772 1874 874 1960 volet,
897 1877 950 1942 cui
972 1878 1150 1964 epiecopus
1172 1878 1356 1960 consentit,
1379 1877 1445 1940 sive

402 1982 448 2045 sit
462 1982 564 2068 prior,
586 1983 656 2046 sive
677 1981 862 2066 posterior:
883 1977 943 2046 sed
965 1981 995 2046 ei
1017 1959 1195 2066 epiecopus
1216 1999 1284 2045 non
1304 1997 1446 2044 consen-

402 2086 503 2167 serit,
529 2090 691 2170 patronus
721 2103 766 2151 ex
795 2090 894 2169 pacto
923 2089 1063 2150 tenetur.
1104 2102 1132 2150 o.
1158 2083 1210 2148 20.
1238 2081 1286 2149 X.
1310 2080 1445 2166 dejure

397 2193 486 2273 patr.
508 2186 538 2252 3.
560 2187 611 2252 38.

313 2287 462 2356 Nonnns
483 2325 526 2340 —
551 2292 745 2357 monasterii
759 2309 907 2377 praeses.
940 2291 1055 2368 Hcfelc,
1079 2286 1444 2374 Conciliengeschichte

312 2493 535 2578 Nosooomio,
559 2519 590 2562 v.
610 2497 678 2563 loci
698 2496 916 2564 venerabiles.

314 2598 484 2666 Notarius
514 2603 723 2686 regionarius
750 2635 793 2647 -
823 2600 1128 2686 subregionarius,¹
1144 2601 1202 2687 qui
1230 2599 1359 2684 regioni
1389 2594 1445 2664 ed-

399 2707 543 2790 scriptue
566 2711 629 2788 est,
652 2701 927 2788 (Bezirlrsnotar).
949 2701 1024 2770 Lib.
1048 2701 1154 2770 diurn.
1175 2725 1208 2790 p.
1231 2701 1283 2768 54.

315 2807 501 2877 Notorium
1105 2855 1109 2863 ,

355 2911 391 2997 a)
410 2913 487 2999 jure
505 2907 704 2977 Germanico
720 2944 761 2958 -
784 2931 850 2977 non
872 2917 950 2998 eget
970 2910 1234 2998 probationibus.
1254 2909 1322 2977 ce.
1338 2907 1387 2975 X.
1408 2905 1445 2972 de

413 3014 524 3081 testib.
546 3035 619 3100 cog.

311 3169 314 3176 ,
355 3114 393 3201 b)
411 3117 488 3204 jure
501 3114 938 3202 Oenonico—scendalum
962 3116 1061 3202 quale
1071 3137 1137 3182 non
1158 3119 1315 3202 ignorant
1324 3112 1443 3201 plures,

398 3241 498 3308 quom
521 3223 666 3307 quinque
687 3241 853 3309 personae
875 3256 916 3268 -
939 3222 1119 3307 opponitur
1141 3218 1282 3286 occulto.
1320 3217 1444 3285 Neces-

399 3326 493 3390 saria
515 3330 567 3389 est
587 3325 621 3388 in
643 3323 805 3390 scandalo
828 3322 1023 3388 elericorum
1053 3325 1228 3409 purgatio,
1259 3341 1348 3408 quae
1368 3337 1443 3386 vero

396 3425 562 3513 indulgeri
584 3434 697 3512 potest
715 3426 758 3492 ab
781 3426 922 3492 eeclesia
943 3428 977 3490 in
1000 3423 1131 3492 delictis
1154 3425 1303 3492 occultis.

466 3551 493 3596 c.
517 3532 546 3595 7.
569 3532 599 3596 8.
620 3530 668 3596 Χ.
691 3529 734 3596 de
757 3529 873 3596 coheb.
897 3529 1087 3596 cleric-HI.
1111 3532 1140 3595 2.
1222 3583 1224 3588 ,

314 3631 550 3702 Nouendiales
572 3633 644 3699 dies
664 3638 741 3700 ente
770 3635 981 3698 nativitatem
1009 3633 1153 3716 Domini,
1182 3635 1202 3697 i.
1225 3652 1252 3697 e.
1274 3633 1308 3696 in
1329 3648 1443 3696 novem

401 3737 472 3802 dies
496 3743 574 3802 ante
596 3758 627 3802 n.
644 3734 685 3819 (1.,
708 3737 792 3800 nm.
814 3735 880 3800 ind.
902 3744 1035 3802 rttuum.

312 3838 510 3908 Novitiatus
543 3857 660 3906 onnus
689 3842 860 3905 institutus
892 3847 960 3920 est,
988 3847 1026 3904 ut
1048 3838 1172 3924 religio.
1195 3839 1318 3925 probet
1339 3855 1442 3904 mores

396 3946 512 4010 novitfi
535 3951 569 4009 et
589 3945 734 4010 novitius
757 3945 986 4010 austeritatem
1007 3942 1187 4028 religionis.

312 4045 434 4113 Noxia.
463 4047 588 4130 ,Noxa‚
612 4044 723 4132 glad
745 4067 773 4112 c.
795 4047 845 4111 20.
867 4047 914 4112 Χ.
937 4046 997 4112 ΠΙ.
1020 4047 1071 4112 31.
1129 4089 1134 4112 .

312 4149 491 4218 Numerus
512 4185 553 4198 -
583 4153 751 4235 seuerius,
780 4154 989 4238 septenarius
1019 4158 1072 4218 est
1099 4149 1278 4237 perfectus.
1325 4147 1379 4214 Gl.
1402 4142 1442 4210 cd

397 4273 543 4341 prooem.
564 4255 599 4318 in
620 4252 693 4320 Vll.
