3080 5150
749 367 985 436 ...140-

296 533 557 618 Pauudismus,
578 559 611 604 v.
632 537 902 608 Nationalismns

296 640 438 708 Pensio.
461 641 604 708 Ratione
625 653 845 730 proventuum
862 644 966 712 fiebat
980 644 1152 712 diminutio
1174 644 1339 726 beneficii,
1361 666 1432 710 oum

383 747 423 826 ei,
447 748 500 810 oui
516 746 750 812 conferebatur
773 746 980 830 beneficium,
1001 748 1235 834 imponebatur
1246 751 1433 834 pensioseu

386 868 468 916 onus
492 849 643 916 solvendi
655 853 912 936 pensionem,-'
924 851 1092 938 pendebat
1114 851 1323 916 abenefieio.
1344 851 1433 916 Pen-

385 956 435 1019 sio
458 959 509 1018 est
531 952 697 1039 quaedam
720 953 870 1020 beneficii
892 953 1061 1038 delibatio,
1084 974 1152 1039 qua
1182 973 1224 1018 ex
1255 974 1314 1036 eo,
1344 952 1432 1038 quod

382 1062 491 1124 totum
513 1054 712 1122 beneficiarii
732 1056 832 1138 foret,
855 1077 935 1144 pars
951 1056 1064 1143 aliqua
1080 1055 1269 1143 decerpitur
1291 1056 1434 1120 etaltcri

384 1157 515 1226 Clerico
538 1177 582 1226 ex
600 1159 693 1244 justa
715 1179 819 1226 causa
840 1161 1041 1245 assignatur.
1062 1159 1155 1226 Usus
1177 1159 1432 1246 hicpeusionum

290 1255 302 1272 “
384 1263 469 1326 eatis
491 1264 648 1346 antiquus
671 1269 732 1342 ast,
755 1283 896 1348 quarum
918 1263 1014 1348 origo
1042 1261 1221 1328 referenda
1237 1261 1370 1326 videtur
1392 1259 1434 1325 ad

387 1363 560 1430 concilium
577 1362 858 1448 chalcedonense,
881 1385 948 1452 quo
964 1366 1133 1450 episcopo,
1156 1367 1213 1451 qui
1234 1364 1333 1430 alteri
1354 1364 1433 1429 sub·

386 1474 526 1554 rogntus
549 1475 633 1549 erat,
655 1469 720 1554 ipsi
731 1470 860 1554 petenti
881 1469 999 1554 pensio
1020 1489 1065 1534 ex
1087 1467 1183 1534 bouis
1206 1467 1433 1536 ecclcsiaeseu

384 1573 597 1658 episcopatus
620 1573 795 1655 assignata
816 1578 878 1637 est.
1307 1580 1312 1586 '

427 1672 465 1740 Si
487 1673 657 1740 diminutio
679 1675 772 1740 facta
794 1681 884 1764 erat,
906 1677 1102 1762 priusquam
1130 1675 1327 1742 beneficium
1354 1693 1434 1738 con-

384 1778 547 1863 ferretur,
577 1797 697 1844 revera
716 1798 783 1844 non
812 1785 885 1844 erat
906 1781 1036 1866 pensio,
1065 1776 1127 1846 sed
1155 1785 1252 1846 crant
1277 1777 1344 1842 duo
1374 1776 1433 1842 be-

383 1882 511 1948 nefieia.
544 1935 547 1944 .

452 1988 616 2064 separato
638 1982 683 2050 ad
712 2003 782 2070 reg.
803 1984 855 2052 45.
886 1993 920 2052 et
954 1993 1058 2052 const.
1086 1983 1209 2052 ibidem
1238 1983 1349 2052 relata
1376 1987 1432 2047 Bc
1511 1979 1513 1992 “

451 2090 561 2150 ecdicii
581 2085 679 2155 XIV.

383 2212 452 2258 vox
473 2189 572 2278 plane
585 2191 1004 2278 diversaasigniiicatione
1011 2193 1098 2278 juris
1115 2191 1230 2277 civilis,
1249 2192 1307 2258 ubi
1318 2194 1432 2278 pensio

386 2302 439 2360 est
460 2316 565 2361 merx.
587 2294 628 2360 V.
652 2299 751 2362 Klotz.

297 2395 514 2480 Pentecoste,
537 2397 640 2484 gloss.
663 2398 708 2464 ad
732 2397 822 2466 clem.
845 2419 898 2462 un.
921 2397 980 2466 ΠΙ.
1005 2398 1054 2464 16.

297 2499 432 2566 Peuula
454 2537 495 2549 -
517 2501 662 2588 paenula
686 2500 735 2568 St.
757 2501 856 2568 Pauli
876 2537 919 2550 -
941 2510 995 2568 est
1017 2521 1114 2567 sacra
1144 2501 1262 2566 vestis.
1284 2500 1361 2566 Act
1386 2500 1432 2565 16.
1513 2549 1514 2556 .

382 2607 512 2684 Lipon‘o,
534 2604 634 2670 theol.
656 2627 736 2672 mor.
758 2605 814 2670 lib.
838 2607 867 2671 6.
888 2627 936 2670 nr.
948 2605 1022 2671 376.

299 2705 483 2792 Pericope.
527 2705 649 2772 Comes
679 2730 710 2772 v.
734 2712 984 2772 Kirctenteoiooa
1004 2709 1205 2787 biiborpcme
1234 2727 1261 2772 s.
1283 2729 1314 2770 v.
1337 2706 1432 2771 Peri-

384 2831 468 2897 cope
501 2817 553 2876 est
582 2818 683 2896 eaput
712 2809 933 2896 (Abschuitt).
970 2831 1080 2876 eomes
1110 2816 1163 2874 est
1192 2807 1431 2892 lectionarium,

382 2912 526 2998 ideoque
567 2933 677 2980 comes
715 2913 917 2980 elericorum.
973 2915 1096 2996 Reate,
1135 2912 1197 2976 das
1227 2910 1433 2976 katholische

388 3016 711 3104 Pericopensystem.
736 3016 861 3082 Berlin
884 3019 979 3082 1847.
1022 3019 1138 3099 Sciat,
1168 3014 1222 3080 die
1250 3013 1433 3080 biblischen
1514 3035 1515 3092 3

383 3120 563 3206 Lesungen
585 3118 643 3185 der
665 3119 875 3186 katholiohen
898 3119 1024 3185 Kircbe
1046 3121 1080 3182 in
1102 3117 1178 3184 dem
1201 3117 1348 3184 officium
1368 3113 1433 3180 und

386 3222 446 3288 der
476 3223 621 3307 heiligen
649 3223 762 3288 Messe
793 3222 836 3289 de
865 3229 1025 3309 tempore.
1063 3221 1161 3286 Trier
1185 3222 1278 3286 1861.
1321 3219 1431 3284 Unsar

385 3325 681 3400 realstatistischer
693 3325 791 3392 Theil
812 3347 839 3393 s.
859 3348 891 3390 v.
912 3324 1075 3410 Liturgie.

299 3427 805 3512 Periodeutae-circuitores,
827 3430 1032 3511 visitatores,
1055 3428 1084 3494 si
1095 3425 1328 3512 chorepiscopi
1341 3423 1432 3490 dioe-

263 3576 265 3584 ·
385 3534 479 3598 oesin
512 3529 713 3596 lustrabant.

452 3637 571 3708 Devoti,
593 3633 635 3699 de
657 3632 790 3719 chorep.
810 3635 929 3706 institt.
952 3631 981 3719 ἓ.
1003 3634 1053 3700 50.
1075 3655 1106 3697 v.
1121 3633 1280 3700 visitatio.

298 3735 516 3822 Parquisitio
532 3771 564 3782 -
580 3736 745 3820 frumenti,
768 3738 1020 3822 seripturarum,
1035 3736 1195 3820 thesauri,
1217 3731 1348 3800 fraudis
1370 3738 1431 3797 etc.

384 3842 533 3907 umaro.

298 3943 540 4010 Personatus:
909 3993 912 4000 .

343 4045 378 4131 a)
401 4065 566 4131 personae
589 4043 734 4129 dignitas
757 4065 816 4110 seu
840 4044 1037 4112 beneficium
1058 4047 1179 4131 ipsum,
1202 4049 1303 4128 atque
1325 4039 1432 4106 eccla-

391 4151 462 4225 ¹eia,
485 4169 585 4233 quam
607 4150 681 4232 quis
705 4148 767 4213 sub
790 4155 974 4234 personatu
995 4148 1155 4234 possidet.

449 4248 535 4316 Sunt
556 4249 809 4330 Archidiaconi,
839 4251 967 4318 Decani
989 4248 1124 4337 capituli
1145 4283 1188 4300 -
1208 4250 1248 4314 in
1271 4266 1433 4336 persona·

402 4353 496 4428 tibus
510 4353 794 4452 ,et‘dignitatibus
814 4357 995 4423 constituti.
