3108 5138
599 425 641 442 ..
688 391 814 458 17...

265 565 463 634 Sextilie.
500 565 645 631 Menses.
667 566 818 632 Martius.
841 565 979 654 Aprilis.
1000 565 1123 634 Maius.
1147 566 1275 634 Junius.

226 671 336 739 Julius
359 667 548 756 (Quintilis)
571 669 746 757 Augustus
769 666 938 756 (Sextilis)
962 669 1005 758 gl.
1030 671 1074 736 ed
1097 669 1200 738 Clem.
1222 693 1276 736 un.

224 775 284 840 III.
308 776 357 840 16.

135 878 324 965 Bizochuc,
346 880 479 958 beatae,
501 878 675 963 beguinse
697 881 878 944 tertiariae.
901 878 1063 944 Prudenti
1085 885 1175 946 certe
1198 899 1279 944 con·

227 984 300 1049 silio
335 982 461 1068 aliquid
485 979 527 1046 de
557 984 605 1046 eis
635 981 824 1048 decernitur
853 983 944 1070 apud
973 985 1086 1048 Bened.
1108 981 1204 1049 XIV.
1236 982 1279 1049 ds

228 1085 345 1172 synod.
363 1085 467 1150 dloec.
490 1081 546 1150 lib.
568 1083 626 1150 VI.
648 1105 676 1151 c.
697 1087 727 1150 3.
751 1085 780 1150 6.

140 1190 389 1276 Bluphemare.
432 1191 588 1251 Nollentus
610 1210 641 1275 p.
667 1191 736 1256 192.

139 1295 365 1360 Boelrmcrus
388 1290 419 1358 J.
443 1291 485 1355 H.
504 1290 668 1377 Ejusdem
691 1293 852 1358 editiones
872 1293 958 1379 juris
982 1295 1140 1358 cononici.

93 1441 100 1447 -
141 1396 385 1463 Bollundistoe
414 1399 662 1482 scriptores
685 1399 775 1464 vitae
805 1404 1005 1463 sanctorum.
1044 1395 1279 1462 Prooedebent

228 1521 336 1588 usque
357 1498 400 1564 ed
422 1500 473 1564 24.
497 1497 662 1565 Octobris.

140 1603 326 1672 Bonisouli
347 1639 388 1652 -
410 1602 591 1668 Bonusouli
613 1623 640 1668 c.
664 1602 692 1667 5.
716 1601 792 1668 dist.
815 1605 865 1669 87.
889 1603 1027 1670 Gelasio
1041 1623 1152 1690 papae
1174 1603 1281 1690 inpri-

230 1712 291 1774 mis
314 1727 415 1774 curae
443 1715 538 1774 erant
567 1727 621 1772 res
643 1707 818 1772 viduarum
841 1715 875 1773 et
897 1707 1130 1794 orphanorum.
1167 1713 1197 1771 V.
1223 1711 1282 1771 Be·

232 1816 322 1875 rordr'
344 1811 395 1876 ed
424 1811 455 1876 h.
479 1831 550 1876 oon.
580 1811 613 1876 Is
644 1831 751 1876 conon
780 1811 904 1876 furtum
925 1811 1171 1876 bonisculorum
1192 1809 1282 1877 ultre

232 1914 441 1980 latrocinium
471 1935 545 1981 esse
564 1914 747 2000 judicavit,
778 1915 869 2000 quod
889 1915 1057 2001 orphani,
1082 1935 1178 2001 quos,
1209 1935 1283 1981 cum

236 2021 301 2105 ipsi
329 2018 428 2084 nullis
459 2017 643 2103 gauderent
664 2017 882 2082 facultatibus
911 2020 932 2081 i.
956 2037 982 2082 e.
1006 2019 1149 2100 bonis,
1172 2017 1283 2085 eccle-

232 2125 282 2187 sia
293 2125 431 2208 recepit,
446 2119 584 2186 Clericis
599 2130 637 2186 ut
651 2123 845 2208 perentibus
866 2121 1031 2186 educendi
1049 2121 1156 2186 relicti
1179 2128 1282 2187 erant.

145 2224 310 2292 Bononia
322 2225 606 2311 —-·diciturquesi
619 2229 841 2312 superomnia
855 2225 944 2290 bons
955 2225 1010 2290 vel
1019 2225 1179 2291 bonorum
1194 2227 1285 2290 noti-

164 2416 166 2420 ,
234 2332 283 2395 tia
302 2331 398 2394 nimis
414 2329 575 2394 amabilis.
600 2327 724 2394 Glosse
735 2331 901 2414 exprimit,
925 2327 1110 2414 quodordo
1133 2331 1197 2394 iste
1218 2349 1286 2392 non

232 2433 395 2520 procedet
417 2453 460 2498 ex
472 2431 586 2498 ordine
608 2431 792 2496 studiorum
814 2431 875 2497 sed
895 2453 938 2497 ex
950 2432 1193 2517 gratificatione
1204 2452 1286 2518 pro·

232 2539 424 2602 vinciemm.
448 2536 497 2622 gt·
515 2535 560 2600 ed
582 2533 673 2602 olem.
697 2537 726 2612 1,
749 2535 805 2602 lib.
828 2535 862 2614 5.
879 2538 921 2600 tit
944 2537 972 2600 l.
1006 2532 1083 2599 Vid.
1105 2536 1233 2599 civitas.

127 2639 336 2706 .Bonorum
357 2641 585 2726 possessio
606 2642 640 2703 in
659 2639 735 2725 jure
758 2637 930 2704 Oenonico·
955 2639 1064 2704 locum
1086 2637 1286 2704 nonhabet.

235 2744 275 2811 In
296 2745 621 2830 repertoriisnomen
643 2742 777 2829 quidem
800 2745 954 2826 occurrit,
977 2742 1039 2808 sed
1061 2745 1173 2829 egitur
1196 2740 1285 2807 deb.

234 2848 313 2913 fidei
334 2849 557 2934 possessione.
580 2846 624 2932 gl.
647 2846 692 2910 ed
715 2867 741 2914 o.
766 2849 795 2912 1.
816 2850 850 2910 in
872 2845 931 2912 VI.
953 2845 996 2912 11.
1019 2847 1069 2912 13.
1203 2861 1208 2871 ·

145 2949 475 3036 Breplrotrophium
499 2958 551 3016 est
572 2951 677 3030 locus,
698 2953 733 3014 in
755 2951 978 3036 quoiniantes
990 2969 1174 3036 pauperum
1190 2946 1287 3012 olun-

236 3063 299 3120 tur.
344 3053 673 3141 Orphanotrophium
703 3061 754 3119 est
782 3053 876 3118 locus
906 3051 1124 3136 venerabilis,
1156 3053 1190 3115 in
1220 3070 1287 3136 quo

235 3161 331 3244 puori
359 3157 555 3246 perentibus
585 3156 695 3222 orbati
727 3163 919 3242 pascuntur.
952 3155 996 3242 gl.
1026 3155 1071 3220 ed
1104 3174 1132 3220 c.
1167 3153 1218 3219 23.
1250 3149 1287 3220 O.

236 3262 372 3328 XXIII.
396 3285 450 3348 qu.
474 3263 503 3327 8.

147 3365 377 3432 Breviorium
407 3375 441 3434 st
469 3365 604 3432 missale
625 3365 862 3431 Romanum.
908 3361 1004 3429 Hoec
1034 3383 1137 3451 opere
1159 3369 1288 3426 mutere

237 3469 400 3536 nonlicet
421 3477 538 3535 contre
561 3471 748 3556 opinionem
770 3469 850 3534 Dris
879 3471 983 3551 Drey,
1012 3469 1046 3531 in
1069 3467 1141 3552 ejus
1164 3463 1289 3548 libello,

239 3595 353 3640 canon.
372 3573 485 3661 'apost
507 3593 584 3660 peg.
599 3575 669 3638 111.

148 3675 390 3742 Breviorium.
433 3675 537 3762 Apud
559 3675 730 3741 Romanos
752 3675 816 3740 fuit
839 3675 947 3740 codex
977 3671 1202 3759 complectens
1225 3691 1289 3736 no-

239 3781 328 3844 mine
356 3787 390 3846 et
423 3779 552 3844 reditus
586 3799 713 3844 annuos
743 3777 929 3864 similisque
958 3811 999 3824 -·
1022 3775 1226 3841 breviter
1247 3807 1289 3822 -·-
1426 3813 1432 3822 ·

239 3889 278 3949 ut
299 3881 372 3948 vult
399 3887 513 3945 Vossius
534 3884 569 3946 in
593 3881 725 3967 etymol.
755 3881 889 3967 linguae
913 3880 971 3946 let.
986 3876 1172 3945 Amstelod.
1197 3877 1290 3942 1676.

240 4009 267 4052 o.
296 3985 454 4052 XXXII.
485 4007 563 4072 pag.
595 3986 665 4050 143.
695 3986 839 4050 Pr'obius
879 3992 913 4050 et
945 3985 1113 4070 antiquius
1144 4001 1185 4047 eo
1215 4001 1291 4048 esse

241 4092 522 4174 summarium,
548 4088 777 4174 compendium
789 4109 926 4174 precum
937 4083 1290 4152 anniversariorum-

242 4201 354 4258 monet
383 4196 498 4256 Seneca
526 4195 623 4278 epist.
651 4191 859 4257 XXXVIII.
894 4193 997 4255 Cicero
1026 4211 1089 4277 pro
1120 4211 1160 4255 eo
1189 4187 1293 4251 hebet
1354 4256 1358 4262 ἱ

244 4298 419 4382 „epitome
432 4293 692 4383 compendium.“
712 4298 852 4358 Borriot.
870 4295 1022 4384 cogitett.
1037 4291 1183 4357 Heinius
1199 4289 1292 4354 1687.

241 4398 406 4466 Breviorii
428 4399 729 4467 ecclesiastici
751 4397 925 4464 historiam
948 4395 1096 4484 explicet
1119 4397 1160 4456 du
1182 4393 1294 4455 Itone

1169 4497 1190 4560 2
