3108 5138
686 354 715 432 V

124 507 263 594 malint,
293 529 394 598 quam
423 508 467 576 ad
488 511 555 578 vim
576 516 611 576 et
633 511 835 598 gravitatem
865 513 950 600 juris
982 512 1141 584 Canonici
1161 520 1266 604 ipsius

122 631 392 720 tanquam‘juris
415 634 648 698 communis
679 633 869 721 etquidem
892 633 1056 704 exclusivi
1084 658 1145 726 per
1168 640 1268 706 medii

123 755 203 820 aevi
223 761 392 840 tempora:
421 753 458 818 id
487 773 623 840 quoque
645 757 744 841 aequi
762 754 894 842 judices
925 776 1056 842 eorum,
1085 731 1174 845 puae
1193 761 1268 847 ipsc

122 875 361 962 praestiterim,
383 873 484 940 facile
505 877 719 962 perspicient.

212 992 333 1080 Itaque
355 995 470 1079 paucis
493 997 660 1061 monuisse
675 997 831 1080 sufficiat,
855 1004 1026 1064 auctorem
1041 999 1139 1085 hujus
1156 1003 1267 1087 operia

123 1136 191 1182 non
214 1112 320 1180 solum
334 1126 404 1180 rem
424 1116 532 1202 ipsam
543 1115 629 1200 juris
643 1113 802 1184 Canonioi
817 1120 983 1204 attigisse,
1007 1118 1157 1188 adhibito
1180 1121 1268 1188 Fer-

124 1238 213 1302 raris
235 1234 323 1300 libro
335 1233 548 1302 celeberrimo
562 1237 784 1304 bibliothecae
795 1247 971 1326 promptae
984 1243 1125 1307 omnium
1148 1241 1269 1310 editio·

123 1378 213 1440 num,
238 1353 431 1422 Casinensis
455 1377 588 1444 quoque
612 1355 733 1442 (exod.
754 1360 880 1445 Miguei
897 1359 1112 1447 Parisiensis)
1135 1361 1267 1428 etton-

123 1479 208 1542 tium
231 1478 374 1542 omnium
397 1497 438 1541 ac
460 1479 662 1564 scriptorum
680 1480 766 1565 juris
779 1478 939 1546 Canonici
954 1482 1077 1568 ipsius3
1101 1481 1162 1550 sed
1186 1501 1276 1556 cons

123 1596 246 1663 tulisse
268 1599 368 1662 etiam
381 1599 553 1684 opiniones
566 1599 755 1686 glossarum
768 1598 929 1687 Corporis
948 1601 1035 1687 juris
1059 1599 1221 1670 Canonici
1235 1609 1269 1671 ct

122 1717 290 1785 indicasse
300 1739 517 1806 progressum
529 1720 769 1788 vocabulorum
783 1721 1086 1789 ecclesiasticorum
1098 1726 1267 1811 antiquio·

126 1843 175 1938 ris
207 1846 241 1905 et
267 1841 464 1926 posterioris
494 1844 633 1926 aetatis,
672 1863 760 1928 quae
789 1843 970 1922 barbarum
1000 1841 1133 1910 dicendi
1154 1864 1266 1938 ¹genus

122 1962 323 2048 ¹neutiquam
343 1980 427 2048 prae
449 1980 487 2026 se
509 1961 622 2027 ierunt
655 1983 763 2050 nequa
794 1962 837 2028 ad
861 1962 1137 2051 orthographiam
1158 1985 1267 2052 neque

126 2081 173 2148 ad
195 2082 372 2168 syntaxin:
394 2081 485 2168 quod
507 2081 651 2148 lectores
667 2104 872 2170 cognoscere
890 2091 1057 2170 poterunt,
1078 2087 1108 2152 si
1129 2106 1267 2173 compa-

128 2222 206 2270 rare
226 2202 330 2268 velint
351 2201 552 2270 Noltenii
572 2202 704 2272 lexicon
718 2203 843 2274 latinae
863 2204 997 2292 linguae
1009 2205 1267 2304 antibarbarum

215 2341 324 2408 Porro
336 2341 544 2428 inspicienda
566 2349 663 2408 erant
677 2345 773 2409 varia
788 2363 903 2430 opera,
926 2362 1013 2430 quae
1036 2341 1080 2410 ad
1100 2343 1268 2410 hancrcm

126 2465 306 2552 pertinent,
328 2460 562 2528 vocabularius
592 2464 766 2550 utriusque
780 2464 867 2550 juris
896 2462 954 2548 (de
976 2461 1170 2549 Sanigny
1191 2461 1266 2530 hist

125 2586 192 2671 jur.
214 2603 297 2650 rom.
320 2581 363 2650 ed
386 2584 431 2648 2⁸
452 2581 516 2648 vol.
539 2585 569 2650 6.
591 2605 669 2671 pag.
693 2585 765 2650 132.
787 2581 866 2669 499)
897 2582 1018 2650 deinde
1047 2581 1196 2650 Albarici
1224 2582 1268 2652 de

125 2703 338 2772 Rosciate
361 2701 591 2770 dictionarium
602 2705 687 2790 juris
703 2706 879 2792 utriusque
894 2701 1097 2790 (Dirksen
1119 2711 1267 2790 systema

124 2823 403 2912 lexicographiac
423 2845 501 2911 pag.
524 2821 623 2909 36)*)
647 2861 687 2872 -
718 2823 915 2912 opusculum
942 2824 1055 2910 Dyni
1077 2823 1120 2891 de
1142 2823 1266 2912 regulis

122 2946 220 3030 juris,
242 2945 342 3012 flores
364 2943 491 3030 legum,
513 2943 624 3012 lexica
647 2945 790 3032 denique
819 2965 943 3032 graeca
965 2978 1007 2993 -
1036 2944 1264 3012 Romanorum

125 3065 281 3150 linguae,
312 3067 461 3152 itemque
492 3063 693 3131 Germanica
722 3064 980 3152 Adelungii,
1010 3063 1204 3132 Grimmii
1233 3072 1268 3132 et

125 3188 254 3273 scripta
276 3185 461 3252 Doctorum
484 3183 646 3252 ecclesiae
669 3192 703 3250 et
724 3182 1010 3252 scholasticorum.

199 3323 382 3390 Auctorem
396 3323 495 3410 hujus
513 3324 624 3410 operis
641 3322 783 3410 denique
798 3329 1047 3410 perscrutatum
1076 3341 1151 3390 esse
1172 3332 1268 3412 patet

125 3443 323 3528 Missale,
345 3443 633 3521 Breviarium,
657 3441 960 3510 Calendarium
979 3442 1120 3530 triplicis
1133 3449 1266 3529 generis

126 3562 306 3649 ecclesiae,
344 3564 513 3648 ordinum,
544 3563 751 3649 scholarum,
781 3564 1122 3652 Monographias
1151 3563 1267 3651 latino,

127 3683 259 3772 gallico,
282 3683 443 3751 Italorum
456 3691 489 3752 et
500 3688 690 3770 germanico
705 3705 857 3751 sermone
868 3686 1086 3771 conscriptas,
1109 3687 1143 3750 in
1154 3689 1268 3771 specie

128 3806 341 3873 conciliorum
365 3807 526 3872 omnium:
551 3841 589 3854 --
614 3807 802 3891 exquibus
825 3808 949 3892 optime
970 3813 1132 3894 apparet,
1154 3804 1267 3872 latini-

195 4119 227 4188 *)
246 4122 362 4174 Exstant
379 4119 467 4174 adhuc
484 4121 652 4173 vocabularii
669 4121 749 4174 multi
766 4124 945 4190 manuscripti
968 4137 992 4176 e.
1010 4136 1035 4190 g.
1053 4123 1082 4174 tn
1100 4121 1267 4173 bibliothece

126 4209 319 4262 Universitatis
348 4209 564 4276 Regimontanas
591 4205 715 4276 (Regimz
748 4206 828 4274 1861)
854 4223 916 4275 pag.
935 4209 991 4276 48„
1016 4208 1145 4261 Auctoris
1170 4211 1268 4260 incerti

125 4299 235 4352 lexicon
248 4295 397 4362 juridicum
405 4299 500 4364 incipit
516 4296 668 4370 inarticulo
685 4295 820 4362 Accipere
836 4311 861 4362 p.
874 4295 918 4346 49.
938 4293 1103 4347 Glossarium
1116 4294 1265 4362 juridicum

127 4401 142 4440 e
158 4384 333 4440 vocabulario
348 4385 416 4458 juria
433 4386 584 4454 utriusque,
603 4384 651 4452 qui
667 4385 829 4448 nominatur,
848 4387 1006 4454 excerptum
1026 4386 1077 4438 eto.
1197 4407 1199 4412 ·
1255 4455 1258 4462 .
