3080 5150
769 373 1079 440 -58-'

306 543 551 616 notissimus
583 549 792 636 meJ‘orum
818 551 838 614 i
862 569 892 615 e.
913 547 1188 614 Patriarohnrum
1211 547 1305 634 ordo,
1336 548 1383 634 gl.
1405 548 1446 613 ad

393 673 420 720 o.
445 656 472 719 1.
496 654 572 719 dist
596 655 645 718 22.
1516 729 1517 740 ¹

433 757 586 822 Romana
608 756 758 822 ecelesia.
801 755 1041 822 Alexandrina
1073 753 1294 824 Antiocheno.
1320 755 1445 822 Hiero-
1516 745 1517 768 ¹

392 860 600 946 solymitana.
644 857 1024 946 Constantinopolitana.
1518 851 1519 880 *

306 962 546 1028 scelestarum
575 981 718 1030 rerum
755 961 898 1049 preelsti
927 969 1005 1028 sunt
1039 968 1276 1049 procuratores
1311 969 1349 1028 et
1381 981 1445 1026 non

392 1065 525 1148 domini,
548 1087 579 1129 v.
603 1065 791 1130 dominium.
813 1064 856 1152 gl.
881 1065 925 1130 ad
948 1085 975 1130 o.
998 1065 1028 1132 3.
1052 1063 1090 1130 Ο.
1112 1063 1249 1130 XXIII.
1273 1085 1327 1150 qu.
1351 1065 1382 1128 7.

305 1164 554 1234 Ecclesiastico
575 1187 763 1254 persone

348 1270 384 1357 a)
405 1274 440 1335 in
461 1291 562 1336 sensu
583 1270 757 1354 latissimo,
780 1272 837 1356 qui
870 1269 996 1356 gaudet
1029 1269 1259 1336 ecclesiastice
1286 1272 1442 1337 immuni-

408 1381 479 1438 tate
503 1394 703 1460 quamquam
725 1373 830 1438 leious
854 1381 888 1438 et
910 1380 1085 1456 uxoratus,
1108 1376 1149 1434 da
1170 1376 1289 1440 Fresoa

348 1475 385 1562 b)
407 1480 555 1544 insensu
575 1476 687 1542 latiori
702 1476 814 1543 elerici
835 1484 870 1542 et
881 1476 1107 1544 eeclesiastico
1119 1478 1300 1542 ministerio
1318 1477 1443 1559 donati,

348 1578 380 1664 o)
401 1583 436 1644 in
462 1601 563 1646 sensu
584 1581 722 1667 proprio
744 1579 906 1663 monachi,
930 1582 988 1666 qui
1011 1579 1122 1644 clerici
1143 1600 1210 1645 non
1224 1586 1311 1657 sunt,
1333 1582 1443 1645 moni-

408 1683 479 1748 ales
502 1691 536 1749 et
557 1683 718 1768 feminae,
742 1703 829 1770 quae
851 1683 894 1750 ab
925 1682 1068 1748 ecclesia
1089 1704 1155 1748 non
1183 1691 1326 1770 possunt
1349 1703 1444 1748 rece-

409 1787 497 1850 dere.
541 1772 895 1872 Opponitur'persona
917 1786 1038 1851 laios.

306 1887 574 1956 Ecclesiasticus
596 1891 718 1954 resin
740 1897 885 1976 quatuor
909 1890 1042 1954 casibus
1062 1889 1151 1954 licite
1164 1887 1336 1956 alienetur.
1367 1888 1442 1973 (ne-

393 1995 571 2076 cessitatis,
594 1995 741 2079 pietatis,
763 1993 928 2078 utilitatis,
951 1992 1248 2077 incommoditatis)
1282 1991 1326 2076 gl.
1349 1991 1397 2056 sd
1417 2013 1441 2056 o.
1519 1977 1521 1996 ¹

391 2095 472 2160 XII.
495 2118 549 2182 qu.
574 2097 602 2158 2.
1367 2095 1373 2106 “

431 2197 681 2264 Ecclesiastiois
703 2198 804 2264 robus
817 2206 1029 2286 opponuntur
1051 2219 1106 2263 res
1117 2195 1332 2284 temporales,
1355 2217 1441 2284 quae

390 2303 597 2368 immunitate
618 2322 730 2366 rerum
753 2301 1054 2367 ecclesiasticarum
1072 2322 1138 2365 non
1161 2299 1318 2386 gaudent-

305 2403 467 2471 Eostasis
488 2407 508 2468 i.
532 2426 559 2470 e.
582 2407 681 2468 animi
710 2426 731 2470 a
760 2405 913 2470 sensibus
941 2405 1106 2470 alienatio.
1136 2403 1192 2468 lib.
1220 2403 1367 2489 pontific.
1391 2423 1441 2488 ap.

390 2511 541 2570 Moratum·
562 2515 639 2572 tom.
662 2505 703 2573 11.
726 2529 759 2593 p.
782 2507 854 2572 178.
875 2509 911 2572 in
932 2505 1068 2594 Agnelli
1088 2507 1184 2572 libro.

305 2611 470 2676 Eothesis
492 2647 534 2658 —-
557 2611 723 2696 expositio
744 2611 857 2676 fidei.
882 2613 994 2693 Hostia,
1009 2607 1440 2696 ConcilisngesohiohteIH.

395 2711 429 2778 S.
454 2713 525 2778 154.

304 2804 418 2882 Edere
441 2817 605 2881 notionem
626 2819 647 2881 i.
664 2815 885 2900 simplorum
900 2813 1056 2902 judicem.
1080 2837 1106 2880 o.
1119 2817 1147 2880 6.
1161 2809 1208 2880 Χ.
1224 2814 1266 2880 ΙΙ.
1282 2815 1309 2878 1.
1333 2816 1441 2900 scrip·

389 2923 432 2984 tis
456 2923 543 2984 aetio
557 2917 696 2985 edenda.
719 2939 746 2982 o.
761 2919 843 2984 1.Χ.
863 2917 904 2985 Π.
922 2925 960 3003 a,
981 2917 1129 2984 libellum
1144 2919 1284 2982 actionis
1309 2909 1439 2983 offerre.

389 3022 492 3088 Aliud
513 3023 613 3089 edere
636 3025 800 3088 actionem
828 3025 863 3088 in
887 3023 964 3109 jure
993 3021 1164 3104 Romano,
1195 3017 1286 3086 aliud
1314 3021 1441 3106 injure
1522 3039 1523 3090 3

391 3129 569 3200 canonico„

431 3229 532 3294 Aetio
552 3229 638 3315 juris
661 3229 803 3295 Romani
831 3230 896 3295 fuit
923 3227 1068 3294 formula
1098 3227 1287 3314 (instructio
1315 3225 1400 3310 litis)
1422 3245 1441 3288 a

390 3335 592 3418 magistratu
610 3331 715 3418 judici
738 3331 852 3397 oblata
875 3331 919 3397 ad
943 3331 1227 3398 condemnandum
1248 3329 1305 3395 vel
1327 3328 1441 3395 absol·
1522 3339 1523 3366 ³

389 3434 543 3516 vandum,
566 3435 600 3498 tn
622 3455 689 3521 qua
711 3433 854 3500 formula
877 3433 973 3502 simul
996 3443 1071 3500 eret
1086 3436 1142 3520 jus
1166 3441 1200 3500 st
1221 3435 1356 3498 factum.

432 3533 566 3624 injure
593 3541 751 3603 canonico
779 3537 986 3604 solummodo
1018 3537 1208 3605 exhibenda
1239 3544 1312 3603 erat
1341 3554 1440 3601 nausa

388 3643 517 3726 facti,
541 3662 628 3728 quae
651 3648 724 3706 erat
746 3645 843 3726 actio,
868 3649 968 3707 etex
991 3642 1193 3728 qua'judex,
1217 3643 1274 3728 qui
1296 3651 1440 3725 eognos-

390 3746 487 3812 oebat
510 3746 584 3830 jus,
622 3746 694 3809 sine
725 3746 946 3810 instructione
974 3748 1174 3812 sententiam
1202 3743 1288 3810 tulit.
1340 3741 1440 3810 (iuria

391 3869 522 3934 semper
544 3850 717 3933 cognoscit
735 3848 801 3933 jus.

434 3950 515 4016 Ideo
540 3949 640 4016 edere
662 3971 797 4016 censam
819 3953 958 4017 actionis
980 3959 1032 4016 est
1054 3951 1154 4017 edere
1184 3953 1348 4029 sotionem
1365 3950 1440 4036 jure

390 4055 548 4118 canonico
572 4061 606 4119 et
627 4052 798 4136 hodierno,
822 4075 849 4118 o.
870 4049 930 4119 ult.
951 4054 999 4120 X.
1022 4055 1051 4118 2.
1073 4055 1103 4120 3.

216 4238 218 4242 ¹
303 4154 465 4222 Edictum
483 4157 560 4241 jure
582 4156 733 4221 Romano
757 4165 809 4222 eet
832 4156 997 4222 ordinatio
1019 4157 1075 4222 vel
1104 4159 1271 4244 praetoris
1300 4155 1355 4222 vel
1383 4157 1439 4219 im-

387 4261 552 4348 peratoris
574 4260 702 4346 injure
719 4263 877 4327 canonico
894 4264 1087 4327 constitutio
1110 4262 1149 4326 P.
1164 4259 1199 4328 S.
1221 4282 1249 4327 o.
1272 4262 1302 4326 4.
1325 4259 1401 4328 dist.
1412 4260 1438 4323 2.

385 4363 463 4454 jure
485 4361 685 4432 Germanico
709 4371 762 4432 est
782 4365 927 4436 bannum
948 4368 991 4430 du
1010 4367 1133 4431 uam.
