3080 5150
593 369 807 450 ..59-

124 553 296 622 Edictum
316 554 439 624 laicale
462 560 562 622 etiam
585 556 627 622 ab
651 555 887 624 ecclesiasticis
910 555 1009 623 condi
1030 557 1156 643 potest.
1185 557 1270 622 Far.

216 681 260 726 ex
283 660 429 725 editione
451 663 708 724 Borbieltintona.

118 760 312 829 Editiones
333 762 449 850 populi
472 763 642 829 celebrare
666 797 707 810 -·-
730 785 800 828 vox
830 762 930 829 editio
957 762 1186 850 spectaculum
1209 771 1271 830 111.

216 887 244 932 c.
268 869 297 932 1.
321 865 396 932 dist.
419 865 470 931 51.
493 871 534 929 da
555 869 714 932 111111.
737 867 768 931 h.
791 889 821 931 v.

115 967 253 1048 Ejecti.
296 969 462 1055 Religiosi
483 971 631 1056 professi
652 992 733 1036 vere
754 969 996 1057 incorrigibiles
1026 977 1168 1056 possunt
1195 991 1269 1036 ser-

220 1075 309 1138 vatis
332 1073 507 1138 servandis
530 1073 620 1162 licite
643 1075 748 1159 ejici
770 1095 791 1138 a
813 1074 985 1158 religione,
1007 1075 1092 1136 Ferr.

117 1169 351 1256 Ejeetionem
374 1195 575 1242 summorum
596 1179 791 1264 pontificum
813 1177 877 1243 sibi
899 1179 1087 1243 reservavit
1109 1175 1268 1252 dominus.

217 1299 245 1344 o.
269 1280 319 1344 10.
342 1278 392 1342 11.
415 1279 489 1345 dist.
514 1281 565 1346 79.

113 1395 263 1464 Electio
285 1389 333 1482 (in
344 1397 512 1484 genere)a
530 1403 707 1484 canonicis,
735 1399 874 1484 11111111,
896 1399 1021 1486 populo
1045 1399 1092 1464 fit.
1114 1401 1270 1462 Berccrdi

219 1506 300 1581 Pap.
323 1503 400 1570 dist.
424 1502 465 1570 de
488 1503 650 1568 electione
673 1499 700 1590 ἓ.
722 1506 751 1567 4.

114 1621 262 1689 Electio
274 1626 423 1689 initiatur
437 1627 472 1690 in
487 1625 735 1708 deliberatione,
758 1626 929 1712 perficitur
941 1627 975 1689 in
986 1625 1268 1710 pronunciatione,
1328 1631 1331 1639 '

219 1733 465 1792 consummatur
492 1731 527 1792 in
557 1730 815 1794 confirmatione.
860 1731 1017 1790 Bernardi
1038 1732 1117 1807 Pap.
1140 1749 1269 1792 summa

215 1828 271 1892 lib.
296 1831 323 1893 1.
345 1832 393 1896 tit
415 1832 445 1894 4.
469 1828 495 1916 ἓ.
518 1833 549 1896 4.

121 1948 265 2014 Electio
289 1953 522 2037 episcoporum
552 1959 586 2018 et
615 1953 758 2018 Romani
787 1954 962 2038 pontificis.
1005 1955 1180 2032 chprecht
1201 1961 1268 2018 not.

218 2053 335 2118 histor.
357 2061 436 2120 tom.
457 2055 509 2139 11,
532 2059 658 2133 Ptittipe
681 2053 863 2121 Comment.
882 2057 948 2139 jur.
972 2055 1049 2122 eccl.
1072 2063 1149 2121 tom.
1173 2054 1214 2121 V.

260 2155 375 2222 Verba
407 2158 521 2222 facere
553 2161 658 2223 ausim
697 2165 812 2222 contra
849 2160 1020 2243 opiniones
1059 2158 1267 2243 quorundam

215 2260 401 2324 Doctorum
423 2263 530 2326 nostri
551 2263 710 2348 temporis
734 2261 817 2324 adeo
841 2260 1140 2326 celeberrimorum.
1177 2261 1267 2326 Ante

214 2365 376 2424 Nicolaum
391 2363 444 2444 II.,
457 2367 514 2448 qui
530 2364 724 2430 electionem
741 2365 906 2450 pontificis
923 2361 1158 2428 Cardinalibus
1176 2385 1268 2428 com-

213 2466 313 2548 misit,
337 2464 455 2530 electio
478 2473 548 2530 tam
568 2467 735 2552 pontificis
758 2486 859 2551 quam
881 2467 1114 2552 episcoporum
1140 2467 1265 2553 populo

214 2567 372 2654 cleroque
393 2568 499 2634 libere
514 2591 675 2636 concessa
696 2571 769 2654 fuit,
792 2590 854 2637 nec
875 2570 1081 2656 principibus
1105 2577 1139 2634 11
1159 2572 1267 2655 impe-

213 2671 383 2736 ratoribus
414 2673 470 2756 jus
505 2673 646 2738 cavendi
677 2673 733 2738 vel
767 2673 984 2739 confirmandi
1017 2675 1152 2736 inerat*
1190 2672 1267 2738 Hoc

211 2775 270 2859 jus
315 2774 378 2838 sibi
417 2777 627 2861 usurpabant
667 2780 886 2863 imperatores
925 2797 964 2842 eo
999 2783 1166 2862 tempore,
1200 2796 1267 2860 quo

214 2875 357 2942 ecclesia
380 2877 543 2964 depressa
562 2887 649 2963 erat,
670 2880 705 2944 id
738 2879 829 2966 quod
850 2881 912 2945 tibi
932 2879 1084 2965 liquebit,
1107 2881 1137 2944 11
1159 2881 1266 2942 animo

210 2981 343 3063 integro
362 2980 472 3046 fontes
502 2985 735 3068 perspexeris3
760 2984 903 3046 Gratiam·
926 2982 1107 3066 decretum,
1133 2981 1266 3047 (111142

212 3082 306 3146 -63.
330 3102 357 3147 o.
373 3084 423 3148 26.
445 3081 520 3150 dist.
544 3087 594 3154 79.
617 3085 802 3169 (Fontanini
822 3106 901 3171 pag.
920 3084 1073 3170 79-84).
1095 3087 1190 3162 Flose,
1213 3085 1267 3150 die

211 3184 410 3250 Pabstwahl
431 3194 529 3251 unter
552 3187 615 3254 den
639 3187 794 3254 Ottonen.
839 3190 1004 3274 Freiburg
1028 3188 1120 3254 1858.
1151 3192 1266 3272 Hefete,

214 3286 588 3374 Conciliengeschiohte.
610 3291 668 3356 IV.
690 3291 752 3356 Bd.

125 3405 264 3474 Electio
287 3428 398 3494 papae
415 3409 473 3474 ubi
494 3411 564 3494 fiat,
588 3414 616 3474 si
638 3414 672 3476 in
693 3415 777 3476 mari
799 3415 969 3476 moriatur.
992 3410 1190 3476 Cardinales
1207 3410 1268 3476 do·

211 3511 293 3575 bent
326 3515 504 3577 convenire
536 3516 571 3578 in
594 3517 741 3594 civitate,
764 3536 824 3600 per
848 3536 947 3601 quam
969 3515 1063 3580 locus
1086 3513 1264 3580 1111111111

214 3611 425 3698 distringitur
459 3622 506 3694 eb
524 3619 554 3681 11
582 3639 649 3682 non
687 3618 923 3704 distringatur,
956 3620 990 3682 in
1023 3617 1089 3680 alia
1129 3618 1266 3681 civitate

212 3751 255 3762 -
278 3716 422 3782 dicerem
450 3720 487 3782 in
520 3721 670 3785 viciniori
700 3720 809 3786 idest
833 3720 1031 3788 faciendum.
1053 3719 1098 3804 gl.
1120 3719 1165 3784 ad
1187 3740 1214 3783 c.
1236 3719 1266 3785 3.

212 3820 247 3883 in
268 3817 341 3885 V10.
364 3821 390 3886 Ι.
413 3823 441 3887 6.

124 3937 362 4021 Eleemosynae
384 3948 436 4006 111
459 3963 553 4028 opus,
577 3965 643 4029 quo
667 3943 766 4010 datur
789 3943 916 4032 aliquid
950 3943 1113 4031 indigenti
1136 3965 1180 4011 ex
1202 3947 1266 4010 mi-

212 4047 380 4109 seratione
402 4054 541 4132 propter
563 4047 680 4111 Deum.
703 4052 787 4112 Ferr.

124 4159 427 4231 Elbenrosinalius
450 4189 591 4254 magnus
613 4169 786 4235 Pontificio
804 4173 922 4234 summi
945 4176 978 4236 et
989 4169 1121 4256 Regum
1133 4191 1264 4256 semper

211 4275 267 4332 est
290 4271 477 4357 episcopus.
521 4275 634 4338 Bened.
655 4271 752 4340 XIV.
774 4273 830 4339 lib.
852 4271 950 4340 XIII.
973 4297 1000 4340 1.
1022 4273 1114 4340 VIII·

123 4370 302 4441 Elenchus
326 4373 515 4462 personalis
538 4391 579 4426 -'
598 4377 655 4463 jus
677 4375 816 4464 parochi
839 4375 1040 4447 admonendi
1068 4383 1263 4470 peccatores
