3108 5138
762 371 976 436 ..42-

387 541 593 608 rationabilis
625 542 824 630 abrogatur:
860 543 1015 629 specialis
1045 546 1117 610 sive
1146 544 1355 613 rationabilia
1385 551 1446 610 est

387 649 458 711 sivo
479 667 555 728 non,
578 665 644 712 non
659 654 773 732 potest
791 650 922 714 vincere
944 647 1062 732 legem,
1084 648 1144 714 aed
1159 647 1236 714 licet
1258 649 1446 714 nonabro-

387 758 445 834 get
466 750 591 835 legem,
622 753 652 816 ei
674 757 785 816 tamen
813 751 959 836 derogat
987 753 1021 816 in
1044 768 1083 816 eo
1106 752 1192 831 foro,
1215 751 1273 818 ubi
1296 758 1446 816 tenetur.
1536 779 1537 820 1

386 857 480 917 Rern.
502 855 580 930 Pop.
602 855 636 916 in
658 874 786 918 summa
807 852 832 918 Ι.
855 857 884 918 4.

195 940 198 948 ’
302 956 486 1020 Consules.
530 953 720 1042 Suppressa
750 963 803 1020 est
825 956 996 1022 consulum
1026 957 1171 1041 dignitas
1199 978 1222 1022 a
1250 961 1444 1040 Jsatinimw,

386 1059 446 1126 sed
470 1080 490 1122 a
511 1060 728 1144 sequentibus
747 1061 1005 1146 imperatoribus
1028 1063 1092 1126 etsi
1114 1064 1202 1126 omni
1216 1060 1314 1126 modo
1336 1064 1445 1126 resti-

385 1170 460 1228 tuta
483 1169 545 1244 est,
567 1163 741 1248 pristinum
763 1171 874 1230 tamen
896 1163 1109 1250 splendorem
1131 1184 1198 1230 nou
1218 1168 1444 1250 recuperavit.

322 1265 324 1274 '
386 1265 461 1332 Lib.
485 1265 617 1330 diurn.
639 1287 671 1351 p.
694 1267 723 1330 5.

300 1370 525 1436 Contractus.
568 1366 771 1436 Contractus
795 1378 828 1435 et
850 1377 951 1456 pacta
973 1390 1040 1436 non
1062 1368 1230 1436 differunt.
1251 1373 1301 1434 tit.
1324 1371 1373 1436 X.
1397 1371 1444 1435 de
1537 1411 1538 1422 .

385 1475 504 1560 pactis.

304 1577 519 1642 Commotus
542 1578 692 1642 emtionis
715 1584 750 1642 et
772 1574 971 1642 venditionis
995 1579 1095 1642 annui
1115 1593 1235 1642 census
1259 1598 1333 1642 cum
1356 1597 1445 1641 con-

387 1679 512 1744 ditione
524 1679 761 1746 revenditionis
777 1701 842 1744 non
865 1689 919 1746 est
940 1682 1129 1762 usurarius3
1152 1702 1183 1744 v.
1195 1700 1314 1746 census
1337 1681 1443 1745 realis

390 1791 424 1848 et
445 1803 577 1850 usurae.
600 1804 628 1848 c.
651 1785 679 1849 1.
703 1785 731 1848 2.
755 1784 797 1848 de
820 1790 894 1848 emt.
918 1782 977 1848 111.
1001 1782 1031 1848 5.
1054 1786 1088 1846 in
1109 1789 1277 1866 extravag
1300 1804 1418 1848 comm.

302 1887 518 1952 Contractus
547 1885 746 1952 venditionis
777 1907 851 1950 cum
875 1893 975 1972 pacto
1005 1884 1235 1950 irancandi
1264 1893 1333 1969 cst,
1365 1907 1444 1950 cunr
1538 1903 1539 1912 ¹

390 1988 498 2052 Titius
521 1987 635 2052 vendit
673 1985 867 2074 Sempronio
902 1987 1076 2074 praedium
1107 2009 1179 2054 cum
1216 1996 1317 2074 pacto
1347 1990 1443 2053 redi-

388 2091 498 2156 mendi
520 2111 589 2156 rem
612 2092 790 2175 venditam,
813 2092 986 2177 praedium
1008 2099 1121 2156 tamen
1142 2094 1265 2158 retinet
1279 2098 1444 2177 tanquam

391 2193 572 2260 conductor
595 2202 628 2258 et
650 2194 836 2260 mercedem
858 2195 968 2277 solvit,
992 2194 1097 2260 donec
1117 2193 1205 2260 idem
1235 2193 1344 2258 Titius
1375 2196 1444 2259 sibi

386 2296 469 2364 illud
490 2297 663 2383 praedium
683 2297 834 2364 redimat
870 2296 980 2383 Saepe
1002 2319 1065 2383 pro
1088 2299 1239 2362 usurario
1261 2304 1363 2382 pacto
1387 2297 1444 2361 hic

312 2445 315 2451 ι
388 2409 579 2467 contractus
608 2403 763 2482 sumitur,
794 2421 869 2464 cum
892 2400 1076 2467 simulatur.
1119 2402 1232 2464 Beaed.
1256 2399 1298 2465 de
1321 2401 1442 2484 synod.
1539 2435 1540 2444 .

389 2504 491 2568 dioec.
513 2503 568 2568 lib.
593 2505 621 2567 i.
643 2526 669 2568 5.
693 2504 743 2568 51.
767 2501 794 2588 ᾗ.
817 2503 846 2568 5.

302 2607 516 2674 contractus
538 2604 690 2699 collatini
711 2608 740 2672 is
764 2613 825 2686 eat,
849 2627 915 2690 quo
937 2606 1000 2670 bos
1021 2612 1147 2671 terram
1169 2623 1269 2668 arans
1294 2604 1442 2669 traditur

386 2708 541 2789 bubulco,
564 2711 621 2793 qni
643 2707 744 2774 solvit
759 2708 890 2774 domino
905 2709 1001 2774 bovis
1016 2715 1143 2772 certam
1158 2709 1343 2792 portionem
1364 2708 1442 2771 fru-

387 2813 489 2877 menti
509 2811 585 2896 lege
605 2810 669 2876 hac
691 2810 835 2896 adjecta,
857 2819 895 2876 ut
916 2814 945 2876 si
967 2811 1030 2876 bos
1048 2810 1246 2876 naturaliter
1268 2812 1441 2892 moriatur,

360 2959 362 2966 -
388 2915 544 2982 damnum
565 2915 608 2978 sit
631 2914 763 2980 domino
786 2923 820 2979 ot
841 2915 986 2982 bubulco
1010 2932 1199 2996 commune,
1222 2917 1354 2978 sivero
1376 2935 1442 2998 pe-

387 3024 462 3082 reat
483 3016 582 3102 culpa
604 3017 749 3099 bubulci,
779 3020 808 3082 is
838 3026 945 3085 totum
976 3017 1132 3082 damnum
1154 3016 1283 3082 subeat
1326 3019 1442 3079 Beaed.

387 3119 484 3188 xlv.
512 3119 542 3184 d.
563 3141 590 3186 s.
613 3119 645 3185 d.
667 3120 723 3186 lib.
739 3121 768 3188 i.
791 3143 818 3186 c.
841 3121 892 3186 51.
921 3119 949 3206 ὅ.
966 3122 994 3186 2.
1039 3117 1348 3204 (Viehuerstollung
1379 3118 1441 3184 des

301 3279 303 3288 ,
386 3223 626 3307 italinnischen,
647 3223 899 3290 franzdsischen
920 3223 987 3290 und
1011 3223 1196 3288 deutschen
1217 3219 1371 3304 Rechts.)

299 3329 559 3398 ,anstrannum
581 3328 702 3394 divisio
724 3330 758 3390 in
781 3329 1033 3395 commutativos
1050 3334 1087 3394 et
1101 3327 1279 3414 gratuitos,
1303 3327 1442 3410 quaein

383 3433 460 3518 jure
481 3433 659 3496 recentiori
679 3433 877 3516 praesertim
892 3429 1013 3516 gallico
1031 3431 1186 3512 occurrit,
1210 3427 1441 3496 descenditex

341 3583 344 3595 .
378 3536 461 3620 jure
483 3537 651 3602 canonico.
673 3533 717 3620 gl.
741 3534 785 3598 ad
807 3555 835 3598 c.
860 3535 888 3598 l.
912 3531 950 3598 Ο.
966 3531 1068 3601 XIV.
1092 3533 1197 3618 qu.·3.

302 3637 474 3706 cointae
502 3659 564 3723 pro
596 3637 711 3704 dolore
739 3639 774 3700 in
802 3643 1013 3702 sacramento
1044 3636 1280 3720 poemtentiae.
1311 3633 1351 3698 cf.
1373 3654 1440 3697 vo-

339 3775 344 3810 :
387 3741 459 3808 cab.
493 3742 631 3808 attritio.
682 3743 826 3821 Ptittipc,
866 3737 1045 3804 Lehrbnnh
1076 3737 1136 3804 des
1165 3735 1440 3802 Kuehemechts.

347 4050 382 4135 a)
401 4052 485 4137 juris
508 4049 651 4115 Romani
673 4048 714 4114 cf.
737 4053 930 4112 Hortmormt
952 4069 1035 4134 opus
1053 4047 1096 4112 de
1112 4048 1320 4112 contumacia
1343 4043 1439 4113 1851.

345 4155 383 4240 b)
402 4153 487 4240 juris
509 4154 666 4220 canonici.
712 4149 748 4216 Si
770 4159 892 4218 actor
915 4159 1094 4217 contumax
1117 4157 1178 4229 eet,
1202 4147 1440 4217 condemnabi-

404 4265 459 4322 tur
480 4257 524 4322 ad
545 4272 713 4342 exponatu
725 4263 759 4322 ct
779 4277 845 4322 non
864 4254 1048 4322 admittitur
1061 4253 1109 4318 ad
1123 4253 1223 4318 aliam
1237 4253 1440 4332 citationem,

394 4363 468 4448 nisi
488 4361 653 4450 praestita
674 4361 830 4430 modone
850 4367 888 4430 ut
904 4364 1102 4444 compareat
1123 4377 1152 4424 c.
1169 4359 1198 4426 1.
1219 4357 1253 4422 in
1274 4361 1373 4423 sexto
1396 4353 1440 4421 de
