3088 5140
582 342 818 414 alet-e

218 523 395 588 tineosum
437 521 641 608 Neutiquum
663 519 758 607 loqui
785 521 937 588 uolumus
969 526 1004 586 in
1024 524 1088 589 hoc
1109 534 1211 611 opere
1234 523 1276 593 de

218 627 344 710 verbis,
363 627 519 713 quibus
542 629 679 690 utitur
698 625 979 712 philosophia
994 625 1275 712 scholastica,

218 751 247 796 e.
271 745 303 816 g.
338 738 433 795 aetus
456 737 489 795 et
511 729 664 812 habitus,
688 727 885 812 actualitas,
908 730 1157 817 potentialitas,
1180 739 1275 798 actus

219 835 389 916 meritorii,
414 832 575 896 auxilium
593 832 740 896 divinum
752 818 903 917 gratuito
925 852 1070 917 movens,
1094 835 1275 920 antdtgiae

218 939 240 1001 i.
252 956 280 1002 e.
301 935 593 1019 contradictiones,
617 955 725 1021 agnus
747 938 899 1021 typicus,
923 939 1193 1009 creationisrnus,
1225 937 1275 1003 el-

221 1060 366 1125 gersma,
389 1038 509 1104 limbus
530 1045 681 1125 patrum,
711 1039 924 1115 mortificatio
953 1042 1079 1124 carnis,
1109 1042 1273 1125 penates,

219 1131 360 1212 refaotle
396 1141 647 1207 sacramentalis
678 1148 712 1206 et
741 1159 829 1226 qnae
852 1149 929 1208 eunt
960 1142 1037 1211 alia.
1068 1157 1275 1228 -neque

222 1242 540 1328 explicabimus
564 1236 808 1309 divisiones
832 1251 873 1308 et
894 1247 1098 1311 notiones
1123 1247 1273 1310 varias

221 1345 312 1432 quod
342 1349 462 1412 attinet
495 1346 541 1410 ad
571 1349 729 1430 gratiam,
759 1347 959 1431 justitiam,.
975 1349 1151 1431 virtutem,
1184 1348 1274 1425 bona

218 1457 258 1515 et
284 1465 424 1534 poenae,
452 1449 613 1514 lniluxrnn
633 1449 824 1532 generalem
853 1457 888 1515 et
917 1447 1112 1535 specialem:
1138 1436 1274 1536 ne'que

217 1553 473 1616 mentionem
515 1551 698 1616 facimus
746 1551 1017 1636 singulorum
1053 1555 1273 1618 nominum

219 1675 247 1718 e.
269 1675 301 1739 g.
324 1651 578 1739 Capharnaites.
621 1652 662 1718 V.
692 1655 855 1761 Letramerz
875 1654 930 1722 dia
957 1654 1272 1722 vertridentiniselre

218 1756 415 1842 Theologie.

122 1859 381 1928 scholasdcas
402 1895 444 1908 -
467 1859 690 1947 capischolusa

129 1963 311 2030 Scientiae
332 1963 501 2029 literariae
522 1965 556 2028 in
574 1965 652 2049 jure
676 1961 844 2030 Canonioo
869 1973 922 2030 est
943 1966 1019 2030 fons
1041 1967 1229 2050 primarius.

262 2064 444 2132 Continent
471 2066 619 2152 glossam
648 2064 808 2152 Corporis
836 2068 940 2152 juris,
969 2071 1149 2154 praecipue
1181 2065 1272 2153 qued

218 2173 338 2236 attinet
361 2169 407 2234 ad
430 2170 631 2255 judiciorum
662 2168 819 2234 ordinem
863 2170 940 2235 Non
961 2170 1135 2256 hucusque
1158 2178 1272 2236 exstat
1355 2246 1357 2254 ¹

218 2275 358 2339 historia
385 2291 580 2359 'processus
624 2271 708 2338 Cum
732 2275 816 2337 enim
843 2274 900 2357 jus
934 2273 1120 2338 Romanum
1153 2277 1186 2338 in
1208 2273 1272 2354 hac

217 2397 259 2442 re
277 2377 321 2440 ad
344 2384 478 2441 nostras
497 2393 553 2440 res
575 2382 608 2442 et
629 2393 740 2440 mores
763 2375 843 2439 nihil
858 2375 1000 2461 amplius
1015 2375 1272 2442 valeatomncs-

193 2501 284 2566 ,que
315 2499 438 2544 causae
468 2495 555 2544 noro
586 2477 701 2543 ordine
730 2479 786 2544 rel
815 2485 1016 2544 statutorum
1043 2479 1174 2544 urbium
1196 2478 1269 2544 Ita-

217 2581 283 2647 liae
319 2582 374 2648 vel
415 2602 459 2647 ex
492 2582 631 2646 arbitrio
669 2580 843 2648 Ecclesiae
887 2580 1101 2648 coordinatac
1133 2583 1268 2665 fuerint,

222 2685 429 2770 glossatores
452 2685 551 2770 hujus
574 2688 623 2749 rei
650 2686 842 2750 testimonia
872 2687 1058 2752 certissima
1088 2701 1270 2751 conaemn-

216 2795 303 2854 runt.
346 2787 467 2872 Neque
489 2788 630 2852 historia
654 2787 881 2854 ecclesiastica
903 2808 1013 2874 neque
1030 2789 1116 2875 juris
1139 2789 1268 2854 termn-

215 2891 257 2956 lis
288 2891 384 2956 nobis
414 2891 588 2956 inhaere
611 2892 836 2976 adjumentum
870 2891 1007 2978 aliquod
1035 2892 1202 2976 adfertur,
1235 2900 1269 2958 et

217 2996 402 3080 scriptume
421 2995 487 3078 ipsi
510 2994 552 3059 de
575 2994 691 3060 ordine
709 2995 909 3079 judiciorum
933 2993 1128 3062 Taneredus
1152 3003 1188 3060 et
1215 2993 1271 3060 alii

213 3097 270 3182 jus
300 3098 487 3164 Romanum
518 3105 552 3163 et
582 3100 802 3162 recentiorem
839 3105 965 3164 statum
998 3101 1098 3184 quasi
1129 3101 1270 3166 mixtum

216 3203 458 3288 principiisque
479 3201 631 3267 omnibus
653 3203 790 3265 remotis
813 3199 993 3286 explicant.

127 3302 304 3373 Smtutio.
334 3325 360 3368 c.
385 3305 414 3368 2.
435 3299 483 3369 X.
507 3303 549 3368 de
572 3310 716 3369 consuet
739 3303 764 3368 I.
784 3305 816 3367 4¹.

259 3439 262 3446 ·
286 3427 313 3472 c.
337 3407 387 3471 id.
409 3406 456 3473 X.
479 3405 520 3474 de
543 3425 693 3474 convers
717 3407 849 3491 conjug.
861 3403 920 3471 lII.
943 3405 994 3472 32.

286 3513 328 3571 du
350 3511 471 3572 Frena.
494 3508 536 3574 de
558 3510 622 3574 hac
644 3529 682 3573 re
703 3511 850 3574 incertus
873 3516 995 3573 manet

260 3611 469 3686 Vocabulum
492 3611 626 3676 derivat
654 3632 697 3676 ex
718 3610 834 3696 lingna
856 3612 987 3696 danica,
1009 3631 1110 3678 sueco
1133 3612 1270 3696 gothica
1360 3618 1364 3622 ’

218 3717 252 3782 ai
273 3715 411 3800 gothica
431 3723 465 3780 et
488 3715 597 3795 docet,
621 3715 811 3800 significare
831 3715 896 3779 vel
915 3714 1086 3801 pulverem
1110 3721 1168 3779 ant
1187 3735 1269 3800 par-

216 3823 287 3884 tem
305 3821 416 3884 terrae
438 3817 596 3884 censitae
618 3817 739 3883 baculo
767 3819 910 3899 factam,
941 3838 1028 3904 quae
1058 3824 1154 3882 erant
1175 3839 1283 3908 sym--

217 3921 295 3987 bola
318 3921 517 3986 traditionis.
608 3935 610 3940 '
1162 3953 1166 3958 ·

260 4021 328 4089 Sed
351 4026 607 4096 etiamintarris
630 4023 899 4090 Germanicis
922 4026 1065 4090 occurrit
1088 4025 1268 4112 etquidem

215 4133 259 4210 inq
271 4127 454 4192 traditione
466 4129 551 4212 juris
565 4109 779 4206 deeimarum,
797 4130 831 4192 in
853 4127 990 4193 decimis
1005 4149 1139 4215 quaque
1162 4149 1268 4192 anna-
1316 4119 1318 4124 ’

218 4233 278 4315 tim
298 4229 418 4300 soluts
439 4257 482 4277 ω·
502 4231 653 4316 inprimis
675 4233 775 4297 terris
797 4223 1007 4297 franconicis.

288 4331 429 4404 Getreid
449 4333 611 4420 schiitten‚
634 4332 855 4402 ausschiittan
