3080 5150
571 384 807 452 -125-

116 555 383 624 lllonucbornm
406 556 522 645 religio
545 579 628 645 ager
651 557 834 626 dominicus
863 557 1063 647 appellatur.
1106 555 1208 628 Clam.
1233 561 1261 629 1.

112 707 383 831 Monacnordm
406 773 463 832 11
460 727 655 832 Monialium
677 774 791 832 vestes
822 775 856 832 11
884 765 1050 833 vocabula
1080 787 1194 834 aarum
1217 789 1262 835 ex

209 869 376 936 latinitate
397 869 497 936 medii
518 871 593 936 aevi
615 867 769 935 desumto
791 869 882 936 ciem.
907 872 934 934 1.
965 871 995 935 2.
1022 870 1082 936 ΠΙ.
1105 872 1155 938 10.
1179 891 1207 938 1.
1230 893 1261 958 g.

210 971 383 1038 sandalum
393 972 449 1040 vel
459 972 643 1057 sandalum,
653 973 887 1042 foderatume
873 981 915 1040 c
927 971 968 1040 V.
979 974 1070 1061 apud
1091 977 1262 1041 douram.

111 1073 332 1140 Monarcbia

165 1176 231 1263 a')
165 1199 257 1242 am
277 1178 378 1244 rebus
401 1177 637 1244 ecclesiasticis
656 1175 869 1245 -Christus
892 1201 958 1245 non
973 1181 1260 1250 communitatibus

229 1287 265 1346 11
286 1281 441 1348 societati
463 1280 674 1364 christianae,
698 1280 758 1348 sed
778 1280 954 1369 Apostolis
973 1303 1154 1371 corumque
1182 1307 1262 1353 suo-

229 1383 435 1450 cessoribus.
460 1391 495 1449 11
523 1386 610 1449 inter
649 1387 742 1470 ipsos
771 1385 876 1450 Patro
906 1386 1045 1473 ojusquo
1075 1391 1261 1455 successori

225 1493 429 1605 potestatem
458 1485 719 1554 ecclesiasticam
749 1487 927 1553 transtulit
979 1492 1124 1576 Paulum,
1155 1511 1261 1579 comp.

222 1591 288 1675 jur.
240 1589 430 1656 ur..eccles
452 1587 479 1675 fi.
503 1589 555 1656 53
733 1642 737 1648 ,

164 1691 204 1778 b)
226 1693 266 1760 In
294 1694 395 1759 rebus
423 1693 566 1780 publicis
618 1693 771 1762 Christus
811 1694 853 1760 11
882 1695 947 1760 hac
975 1716 1013 1763 re
1040 1653 1131 1764 nullo
1160 1697 1260 1764 modo

185 1797 403 1884 disposuit,
426 1796 491 1862 hoc
512 1797 718 1864 solummodo
742 1797 918 1882 ordinavit,
940 1805 979 1864 ut
1005 1807 1159 1886 potestas
1182 1822 1261 1868 aaa·

226 1899 348 1965 cularis
370 1901 448 1965 fidei
470 1898 671 1966 christianas
700 1908 734 1967 11
757 1900 848 1987 1111
868 1901 947 1968 1111
975 1902 1049 1968 fluit
1078 1904 1259 1972 christiano

224 2005 378 2089 regimini
398 2023 612 2116 naquaquam
632 2006 780 2070 resistat.
849 2054 852 2061 .
894 2047 896 2053 ·

119 2104 304 2187 Mantalos,
327 2107 439 2172 aarum
460 2107 546 2189 linis,
566 2105 649 2173 ordo
672 2114 734 2173 etc
756 2109 882 2174 Ferrar.
904 2108 945 2174 V
967 2061 1141 2176 Monialcs

119 2208 1164 2299 1111111ι1ι111111111Α1113]1ι.11111811112109

120 2312 259 2378 Montes
280 2315 417 2400 pietatis
450 2320 529 2378 suut
552 2316 683 2379 aeraria
706 2316 837 2400 piorum
864 2315 1030 2380 hominum
1058 2315 1260 2385 liberalitate

209 2417 350 2482 adhunc
371 2417 470 2482 finam
492 2425 620 2494 erecta,
643 2425 681 2483 ut
702 2416 746 2482 ad
767 2420 843 2504 ipsa
863 2426 1025 2505 tanquam
1047 2419 1092 2484 ad
1113 2428 1259 2486 montem

208 2518 413 2585 confidenter
424 2519 580 2606 refugere
601 2522 732 2606 possint
750 2520 936 2606 indigentes
949 2529 983 2588 et
995 2542 1035 2588 aa
1056 2524 1259 2612 inpromptu

208 2625 274 2690 sint
295 2623 340 2687 ad
361 2625 576 2690 mutuandum
598 2624 661 2689 sub
682 2626 832 2711 pignoris
855 2627 1019 2692 cautione.

121 2725 242 2792 liores
262 2725 348 2792 boni

165 2828 200 2914 a)
223 2831 315 2918 apud
337 2830 506 2898 Romanos
528 2867 571 2881 -
593 2832 798 2900 cousuetudo
828 2835 919 2902 vitae
940 2841 1103 2921 actusque
1126 2833 1259 2900 honesti

224 2967 267 2980 -
290 2942 503 3021 opponuntur
535 2934 732 3022 turpitudini
753 2938 844 3002 vitae
867 2938 1065 3023 actibusque
1092 2937 1257 3004 indecoris

224 3071 266 3086 --
289 3041 425 3124 saepius
454 3039 660 3126 respondent
682 3041 852 3126 principiis
874 3039 1122 3126 philosophicis¹
1142 3041 1258 3107 forsan

223 3137 443 3219 Stoicorum„

164 3239 202 3326 b)
224 3243 264 3310 In
281 3243 359 3329 jura
382 3241 552 3311 Canonico
575 3265 625 3328 ea,
650 3263 736 3330 quac
759 3253 876 3311 contra
897 3245 1002 3312 bonos
1027 3265 1136 3314 mores
1167 3253 1254 3330 sunt,

224 3344 269 3410 ad
278 3345 313 3410 id
324 3353 490 3432 spactant,
514 3369 580 3433 quo
596 3347 763 3413 inducitur
775 3355 954 3434 paccatum
969 3349 1151 3415 secundum
1162 3351 1257 3435 prin-

217 3449 303 3535 cipia
324 3448 516 3534 theologiae
538 3449 682 3517 moralis.
726 3449 811 3536 Reg.
835 3449 904 3518 58.

120 3549 245 3616 Mortis
269 3549 464 3617 articulus:
484 3553 532 3619 ibi
554 3557 725 3621 constituti
748 3575 1030 3640 quorumcumque
1044 3563 1257 3642 peccatorum

205 3654 449 3721 absolutionem
471 3663 505 3722 et
527 3676 741 3722 censurarum
760 3657 999 3726 1111111111]
1011 3679 1032 3723 1
1046 3677 1256 3746 quocumque

204 3758 405 3844 presbytero
429 3759 578 3830 obtinere
592 3767 742 3847 possunt

274 3863 387 3929 Beacd.
402 3863 500 3930 XIV.
521 3866 556 3928 in
578 3873 681 3930 const.
703 3866 781 3931 Pia
802 3873 948 3932 mator.

118 3963 262 4048 Moyses
285 3973 319 4033 et
339 3966 456 4034 Aaron
478 4003 519 4016 -
542 3967 680 4054 Moyses
700 3971 844 4035 vicarius
867 3969 948 4036 Dei:
969 3968 1086 4036 Aaron
1108 3991 1255 4036 summus

203 4069 373 4137 sacerdos.

254 4194 301 4241 vc.
325 4175 353 4238 1.
376 4173 453 4240 dist.
475 4175 536 4242 49.

268 4272 467 4346 Sacerdotis
523 4281 607 4344 vitia
660 4280 800 4348 ibidem:
843 4301 945 4347 nasus
983 4283 1067 4348 anim
1115 4279 1253 4367 grandis

222 4386 256 4445 at
295 4387 423 4468 tortus,
464 4387 517 4449 a'st
557 4382 767 4452 1111111111
809 4381 976 4453 subtilitas
1019 4383 1249 4470 immoderata,
1333 4427 1335 4430 -
