3108 5138
774 372 988 440 ..54-

401 549 684 615 communiter
697 542 852 612 doctores
863 555 986 616 vocant
998 547 1190 631 magistros,
1211 566 1285 610 cum
1297 543 1452 612 Christus

399 654 448 716 ita
469 657 646 717 vocaretur
668 671 689 713 a
711 648 890 738 discipulis.
934 649 982 718 Et
1013 651 1134 716 dicitur
1164 651 1326 734 magister
1355 653 1452 735 quasi

400 753 505 819 maior
527 755 613 818 sicut
634 753 784 819 minister
807 757 903 840 quasi
936 757 1052 818 minor.
1076 751 1121 837 gl.
1144 750 1188 816 ad
1202 752 1295 816 clem.
1318 753 1347 818 2.
1367 751 1410 816 V.
1425 756 1450 817 1.

400 855 558 942 Magistri
581 877 714 942 quoque
737 863 833 921 erant
854 857 995 943 physici,
1020 857 1166 941 chirurgi
1196 861 1230 920 et
1260 857 1317 940 qui
1345 865 1452 921 artem

400 959 625 1026 obstetricium
648 967 812 1026 exercent
856 959 909 1026 Dc
931 961 1100 1045 magistris
1123 957 1317 1042 regentibus
1338 957 1451 1022 studia

399 1061 570 1148 generalia
599 1059 640 1126 V.
669 1065 805 1124 Iteratio-t
835 1061 967 1128 dissert.
1001 1062 1042 1128 de
1082 1061 1223 1127 historia
1255 1060 1451 1128 Universitt.

392 1165 609 1248 'Parisiensia
632 1166 825 1250 Fregenae,
847 1165 1151 1251 Heidelbergensts.
1175 1162 1268 1229 1861.

312 1267 451 1352 Dogma
472 1289 527 1333 res
541 1265 742 1352 dogmatum,
762 1269 902 1335 historia
917 1291 1026 1334 rerum
1042 1269 1316 1354 dogmatistarum.
1339 1267 1451 1334 Theo-

398 1372 552 1457 logorum
575 1379 609 1436 et
629 1369 786 1437 IOtorum
819 1375 958 1438 scientia
986 1371 1085 1438 valde
1108 1371 1218 1438 affinis
1243 1380 1305 1437 est.
1348 1369 1451 1458 Apud

400 1473 592 1541 Catholicos
615 1495 670 1538 res
693 1473 885 1559 dogmatica
908 1495 1039 1564 semper
1062 1477 1158 1540 firma
1181 1477 1291 1556 stetit,
1315 1475 1451 1540 melius-

399 1599 464 1664 que
484 1575 680 1662 intelligitur
702 1585 888 1664 temporum
911 1599 1104 1665 progressu,
1126 1599 1235 1664 neque
1258 1586 1451 1644 controver-

398 1682 517 1745 versiis
542 1687 575 1744 et
597 1679 776 1745 traditione
798 1681 959 1746 historica
980 1703 1091 1746 rerum
1104 1681 1368 1766 dogmatiearum
1390 1701 1452 1746 va-

397 1785 520 1866 riatur,
550 1783 605 1850 vel
643 1786 813 1849 evertitur.
868 1781 969 1869 Apud
1003 1785 1255 1867 Protestantes‚
1291 1785 1450 1869 imprimis

400 1885 609 1966 Neotericos‚
640 1907 667 1950 0.
690 1907 721 1970 g.
751 1889 859 1969 Boua,
890 1891 985 1966 Heyel
1014 1887 1173 1972 dogmata
1201 1887 1276 1973 ipsa
1304 1887 1452 1972 quotidie

400 1991 497 2076 quasi
532 2009 621 2053 nova
657 1997 839 2054 nascuntur
861 1994 1095 2057 controversiis
1130 1991 1290 2056 historica
1323 1993 1451 2056 ratione

397 2090 497 2158 modo
519 2093 621 2157 finitis
643 2091 742 2157 modo
759 2094 957 2159 critictarte
983 2093 1170 2180 reprobatis
1194 2093 1358 2180 aliterque
1373 2116 1451 2160 con-

398 2197 533 2262 stitutis.
557 2193 653 2273 Quae
668 2199 779 2282 opinio
795 2199 911 2283 utique
927 2199 1037 2284 aptior
1055 2206 1089 2262 01
1105 2197 1389 2262 accommodatior
1402 2205 1451 2264 est

400 2297 631 2364 construendis
653 2299 852 2385 populorum
859 2301 991 2384 juribus
1016 2308 1049 2365 et
1071 2283 1229 2384 morihus,
1252 2299 1397 2386 ideoque
1419 2304 1450 2364 in

397 2401 537 2466 historia
549 2401 740 2486 dogmatica
751 2403 837 2486 juris
849 2402 980 2467 facilius
993 2403 1182 2486 adhibetur,
1205 2405 1315 2488 ipsis
1338 2407 1451 2489 prin-

381 2505 528 2589 ·cipiis
550 2507 798 2589 neutiquam
819 2506 1052 2590 neglectis:
1076 2527 1143 2592 qua
1164 2505 1449 2590 rejurishistoria

326 2601 329 2607 ’
397 2625 460 2695 pro
483 2614 581 2692 parte
605 2607 803 2672 discernitur
827 2629 847 2672 a
868 2608 1023 2673 methodo
1048 2613 1098 2673 rei
1121 2609 1333 2694 dogmaticae
1361 2611 1448 2675 Pro-

398 2701 599 2773 testantium.
643 2709 707 2776 dus
730 2713 814 2774 enim
836 2711 1050 2798 progreditur
1071 2732 1137 2777 non
1159 2712 1267 2777 solum
1287 2715 1322 2777 in
1345 2717 1450 2778 corri-

399 2811 520 2898 gendo,
543 2819 580 2876 ut
603 2811 694 2898 apud
715 2814 948 2882 Protestantes
972 2815 1032 2881 sed
1054 2817 1166 2903 potius
1189 2818 1223 2880 in
1243 2816 1449 2881 emendando

401 2921 434 2980 et
457 2915 644 3002 supplendo
663 2917 739 3002 jure
762 2919 910 3004 antiquo.
934 2918 1062 2984 Videas
1086 2939 1211 3004 quaeso
1235 2939 1320 3006 opus
1343 2941 1449 2985 meum

396 3019 468 3102 jam
490 3021 608 3104 viginti
619 3020 724 3084 ferme
737 3020 858 3084 abhinc
870 3023 963 3086 annis
986 3023 1192 3108 propositum
1204 3019 1297 3088 —de
1312 3020 1450 3090 historia

401 3121 595 3206 dogmatum
611 3123 706 3207 juris,
727 3123 818 3208 quod
837 3144 1033 3209 comparare
1054 3125 1137 3190 velis
1154 3147 1227 3190 cum
1239 3127 1450 3192 observatio·

398 3225 494 3290 nibus
518 3223 723 3290 celeberrimi
739 3226 888 3312 collegae
910 3231 1013 3307 Hefele
1035 3225 1417 3314 (Conciliengeschichte
1427 3229 1449 3294 1.

398 3337 476 3412 pag.
500 3329 572 3394 220.
596 3328 691 3414 221.)-

312 3431 461 3513 Dogma.
497 3430 696 3517 Apostolica
731 3433 922 3521 disciplina:
953 3469 994 3479 -
1017 3437 1184 3499 contraria
1215 3443 1281 3500 est
1305 3438 1449 3523 opinio

397 3535 726 3619 haereticorum,
751 3539 808 3622 qui
837 3557 858 3600 a
881 3535 1064 3602 catholicae
1087 3538 1258 3623 religionis
1293 3539 1449 3624 dogmate

401 3637 537 3702 deviare
567 3638 779 3703 contendunt.
809 3639 830 3703 l.
854 3641 903 3704 13.
935 3639 1017 3705 Cod.
1049 3645 1155 3706 caeos.
1176 3641 1274 3707 XVI.
1306 3641 1398 3708 101.
1424 3644 1450 3706 6.

399 3740 472 3806 eod.
495 3740 593 3806 XVI.
617 3743 646 3808 6.
670 3744 900 3808 cartonen.
924 3765 954 3808 v.

314 3843 481 3907 licionio
503 3847 728 3930 poenitentiae
744 3855 970 3912 'sacramenta
1014 3851 1138 3913 Ferrea.

311 3944 513 4010 Domestici
526 3947 736 4034 appellantur
758 3952 903 4036 proprie,
927 3951 1046 4036 qpibus
1068 3950 1228 4038 imperari
1256 3959 1371 4038 potest
1393 3973 1450 4016 ra-

398 4051 490 4114 tione
519 4054 650 4136 patriae
680 4051 734 4118 vel
765 4053 967 4120 domesticae
996 4059 1186 4142 potestatis.
1217 4055 1326 4141 glad
1349 4077 1377 4120 c.
1401 4058 1449 4120 24.

397 4153 444 4218 Χ.
465 4155 506 4218 11.
532 4155 581 4219 19.

312 4255 517 4324 1100ιί01οιιο
540 4255 634 4322 elias:

353 4359 388 4451 a)
411 4362 564 4428 dominici
587 4363 841 4432 resurrectionis
867 4365 937 4434 dies
