3080 5150
770 374 1010 447 ..ros-

316 552 469 636 misus.
501 548 611 636 Hujus
628 550 835 669 mentionem
854 547 934 618 tecit
957 545 1149 632 Gratianus,
1164 547 1244 618 dist.
1264 549 1316 616 aa
1339 550 1450 616 Festa

403 673 578 841 wllaspsr'is
591 651 716 820 ldlddrt
738 754 782 819 ab
808 759 978 839 apostate.
1021 755 1174 838 narare,
1196 753 1295 826 XIV.
1318 754 1351 820 d.
1375 754 1449 820 ad

403 857 459 928 liu
482 859 512 923 8.
534 878 563 924 c.
585 859 636 924 11.
657 854 687 942 d
708 859 738 926 9.

448 959 630 1026 Gratianus
649 959 735 1032 hanc
757 959 1002 1032 distinctionem
1025 959 1110 1030 bene
1128 959 1286 1048 explicet.
1330 959 1451 1031 Glossa

402 1066 452 1133 irs
473 1063 630 1133 discernit
649 1063 759 1132 locum
788 1061 957 1134 Gratiani:

421 1271 607 1340 moverem
628 1276 663 1336 et
684 1271 916 1355 oppositiones
934 1269 1117 1338 deciorum

421 1379 552 1460 partem
573 1373 717 1457 tertiam,
740 1393 808 1458 qua
830 1370 1012 1437 Gratianus
1035 1375 1299 1444 controversiam
1320 1372 1451 1456 decidit,

417 1482 547 1562 partem
569 1482 733 1560 quartam,
757 1494 844 1560 quac
867 1473 908 1538 de
928 1473 1105 1544 haereticis
1127 1476 1232 1541 verba
1254 1477 1346 1560 iacit,

421 1586 552 1664 partem
574 1579 721 1664 quintam
743 1577 784 1642 dc
806 1559 989 1660 homicidis,

364 1678 398 1764 e)
419 1688 551 1766 partem
572 1687 722 1764 sextam,
744 1683 778 1744 in
791 1701 857 1766 qua
870 1679 1099 1766 delinquentes
1120 1680 1226 1766 lapsis
1249 1681 1452 1762 adnumerat,

421 1784 654 1854 nisidelictum
676 1785 721 1852 sit
733 1783 909 1864 occultum,
933 1791 967 1852 et
988 1786 1192 1870 poenitentia
1212 1805 1282 1866 nen
1301 1785 1452 1856 solans.

407 1888 460 1953 De
481 1887 585 1973 lapsis
609 1905 743 1972 quoquo
766 1907 793 1950 o.
818 1886 869 1954 23:
891 1887 933 1958 dc
955 1888 1176 1973 poeniteat
1200 1888 1231 1957 l.
1251 1909 1279 1956 c.
1301 1888 1353 1954 57.

321 1987 479 2072 Largitio
501 2009 672 2054 munerum
694 2011 725 2053 v.
747 1989 849 2054 xenia
871 1997 933 2054 etc.
954 1990 1135 2075 regulares.

319 2094 460 2176 narsus
483 2127 524 2140 --
548 2098 678 2162 sumtus
699 2091 781 2162 fecit
803 2113 847 2162 err
869 2094 998 2162 ratione
1021 2092 1082 2161 sed
1102 2094 1257 2165 libenter.
1291 2094 1336 2181 gt
1361 2093 1406 2159 ad
1427 2116 1450 2158 c.

319 2296 492 2370 tamtus
509 2299 597 2385 juris
617 2298 778 2372 Romani.
808 2319 895 2384 quac
926 2306 1057 2384 spectat
1080 2298 1124 2367 ad
1154 2301 1211 2386 jus
1241 2299 1452 2372 Censorinum·

405 2402 483 2470 Jam
505 2403 766 2488 saeculoquinto
779 2409 922 2468 etsexto
944 2403 1307 2489 principietlteolcgias
1320 2404 1452 2473 christi-
1515 2439 1516 2470 1

405 2527 489 2572 anae
508 2509 585 2592 jura
599 2508 674 2591 ipso
690 2511 827 2590 recepte
848 2505 954 2576 fuisse
974 2507 1127 2576 omnihus
1147 2513 1287 2574 constat.
1311 2505 1391 2585 Qua
1412 2527 1451 2571 ax
1515 2523 1516 2528 ¹

405 2630 508 2676 causa
533 2611 653 2678 seriem
674 2607 916 2676 vocabulorum
937 2608 1097 2677 exhibere
1115 2608 1214 2692 licet,
1236 2627 1327 2694 quac
1345 2609 1451 2696 expli-

406 2719 584 2783 causant
604 2714 638 2779 in
661 2710 820 2780 celeberr.
842 2731 945 2797 opere
966 2715 1133 2776 Diriceat’r':

449 2818 450 2822 ’
477 2813 722 2880 christianitas.

474 2917 638 2986 Ecclesia.
681 2916 921 2986 Ecclesiastici.

473 3021 762 3109 Emphanisticum
784 3055 825 3067 -
849 3021 941 3107 quod
962 3020 1102 3090 munus
1121 3037 1264 3108 magnac
1294 3021 1452 3093 ecclesiae

525 3131 679 3211 praestet
699 3145 742 3192 ex
764 3124 1013 3192 consuetudine.

474 3228 674 3316 Epiphania.

473 3332 796 3402 Excommunicatio.

476 3435 631 3520 Exiguus
653 3438 673 3499 i.
697 3456 724 3500 e.
746 3435 830 3500 vilis.

329 3552 330 3556 ’
473 3523 577 3608 Fides
599 3571 641 3588 -
663 3539 833 3623 religionis
857 3537 1059 3606 christianae
1081 3537 1213 3624 dogma.

474 3642 646 3719 Rauracis,
659 3641 783 3726 dogma
791 3644 982 3727 praeceptis
994 3640 1180 3708 catholicas
1192 3639 1452 3709 Christianorum

506 3745 605 3811 gdei
630 3747 841 3827 contrarium,
879 3747 990 3830 opinio
1027 3745 1187 3811 damnata
1213 3779 1254 3798 -ν
1284 3763 1450 3830 perversa

527 3847 697 3933 sacrilegii
716 3846 848 3932 dogma.

469 3951 633 4033 Himera,
651 3951 828 4036 presbyter
850 3947 1063 4019 ludaeorum.

475 4054 708 4140 Hierophanta
730 4087 772 4100 -
795 4055 852 4140 qui
873 4073 972 4120 sacru
995 4060 1028 4120 st
1050 4055 1258 4122 ceremonias
1282 4053 1388 4120 docet

475 4156 710 4243 Hieroplrylax
730 4191 774 4220 r·
796 4163 1113 4226 sacrornm'eustoo.
1243 4155 1248 4163 ’

475 4259 682 4347 Metropolis.
