3108 5138
587 389 780 454 ..9-

121 561 421 630 Anniversariunr
455 599 496 609 —
527 561 869 626 Anniversarius
892 560 983 626 dies
1006 595 1048 608 -
1071 558 1258 624 anniversi-

205 676 271 751 tas,
295 669 366 732 dies
391 688 535 749 annuus,
559 687 625 751 quo
639 666 784 730 officium
807 665 1038 730 defunctorum
1059 683 1122 750 pro
1145 663 1256 749 aliquo

210 771 369 836 defuncto
393 773 578 856 peragitur,
600 773 675 855 ipso
699 771 808 834 obitus
832 768 886 834 die
910 791 936 834 c.
959 771 988 832 7.
1010 769 1086 832 dist.
1108 770 1160 832 44.

116 873 415 939 Anniversariunr
441 875 595 953 officium,
620 874 710 958 quod
721 875 758 936 fit
782 872 977 956 quotidie
1000 893 1062 956 pro
1081 871 1256 957 defunctis,

97 997 98 1001 ’
121 980 124 985 ’
207 978 297 1064 quod
319 979 433 1041 facere
457 977 581 1040 debent
595 977 799 1056 sacerdotes,
822 982 859 1038 ut
883 977 1011 1040 animae
1026 975 1258 1039 defunctorum

177 1131 180 1138 .
204 1081 561 1165 solvantur,.inprimis
574 1099 697 1148 eorum.
722 1099 805 1163 quos
819 1085 952 1144 constat
972 1081 1006 1142 in
1027 1077 1160 1142 mortali
1175 1098 1257 1162 pec-

213 1190 290 1247 cato
313 1184 508 1247 decessisse.
547 1181 590 1266 gl.
614 1182 657 1244 ad
680 1203 706 1244 c.
731 1183 780 1244 11.
811 1181 857 1245 Χ.
879 1181 909 1244 3.
932 1182 983 1245 41.
1027 1183 1155 1261 Movent,
1177 1201 1203 1244 s.
1226 1203 1256 1244 v.

209 1287 481 1349 anniversarium.
869 1330 871 1340 .

118 1390 282 1452 Arrnulus
305 1390 471 1452 canonicis
495 1388 695 1452 conceditur.
717 1391 798 1450 Fere
821 1387 887 1454 ind.
910 1390 970 1452 rita

117 1494 242 1556 Annus
265 1490 442 1574 sanctus
464 1494 498 1554 iu
516 1491 625 1554 forma
643 1490 797 1556 Jubilaci.
814 1494 946 1554 Clemens
957 1489 1015 1554 VI.
1037 1492 1163 1576 primus
1182 1491 1255 1570 fuit,

206 1597 264 1680 qui
287 1615 408 1658 annum
430 1601 586 1682 sanctum·
604 1615 624 1655 a
647 1597 838 1658 centenario
869 1594 910 1658 ad
935 1596 1256 1679 quinquagenarium

204 1717 366 1761 annorum
395 1697 591 1759 curriculum
614 1697 758 1760 reduxit.
787 1702 887 1759 diotae
908 1697 967 1761 IV.
989 1696 1033 1760 ad
1061 1699 1256 1782 vigesimum

205 1802 364 1885 quintum.
388 1803 500 1860 Bened.
517 1798 613 1864 XIV.
636 1799 655 1861 l.
674 1801 723 1866 13.
748 1821 774 1863 e.
800 1802 848 1864 18.
873 1798 899 1884 ᾗ.
913 1803 941 1865 9.
957 1803 1102 1862 Ferraria
1127 1803 1256 1862 Maroni.

119 1905 242 1967 Annus
274 1902 530 1966 claustralis
554 1903 574 1965 i.
597 1923 624 1966 e.
657 1905 795 1968 strictae
830 1903 1039 1968 residentiae.
1078 1905 1257 1981 Freiburper

199 2009 342 2068 Leaicon.

124 2110 249 2173 Annus
270 2110 521 2174 deservitus
545 2108 588 2192 (c.
612 2111 662 2175 19.
686 2110 760 2174 dist.
784 2112 834 2174 61.
858 2132 884 2174 o.
906 2109 934 2174 5.
954 2109 1006 2174 35.
1027 2109 1075 2174 X.
1097 2109 1156 2174 IH.
1179 2107 1224 2193 5).

122 2214 246 2276 Annus
269 2215 457 2298 gratiae,
482 2233 586 2276 annus
610 2217 843 2277 carentiae.
869 2218 991 2292 Ptttb'ps
1014 2235 1120 2298 comp.
1143 2209 1256 2297 §.235.

121 2315 386 2398 Antependiurn,
410 2337 476 2400 quo
500 2316 606 2380 altare
630 2317 879 2380 condecoratur.
912 2320 1094 2395 Frettaryer
1116 2319 1255 2380 Lextcon.

121 2417 360 2482 Antichristus
383 2439 409 2482 c.
434 2419 482 2480 12.
507 2417 583 2482 dist.
605 2419 635 2482 3.
658 2418 700 2481 dc
725 2439 870 2484 consecr.

119 2519 344 2585 Antimensia.
397 2519 638 2588 Sacerdotibus
666 2520 761 2584 latini
783 2524 867 2586 ritus
894 2524 928 2586 in
950 2520 1255 2586 Russia-Polonica

113 2627 121 2648 ‘
200 2624 402 2708 degentibus
426 2623 628 2706 conceditur,
651 2632 688 2688 ut
711 2624 943 2689 deficientibus
966 2624 1089 2688 tabulis
1111 2623 1254 2711 lapideis

198 2729 405 2790 consecratis
428 2729 563 2790 missam
586 2727 757 2790 celebrent
779 2748 884 2813 super
900 2729 1105 2792 antimensiis
1122 2726 1255 2792 Ruthe-

199 2851 319 2893 norum
341 2832 523 2893 unitorum:
554 2839 630 2894 sunt
661 2833 857 2896 antimensia
887 2831 981 2894 lintei
1003 2829 1139 2916 quidam
1163 2831 1255 2916 epis·

189 2932 312 3017 'copali
356 2933 587 2996 benedictione
625 2937 839 3016 consecrati,
872 2937 905 2996 in
942 2955 1084 3018 quorum
1123 2933 1253 3018 augulis

199 3042 392 3098 sanctorum
414 3034 574 3120 reliquiae
598 3037 792 3101 reconditae
815 3044 901 3102 sunt.

123 3136 330 3220 Antiphone.
355 3142 506 3201 Ttomoso.
529 3138 600 3202 Ind.
625 3138 747 3215 Qualia
777 3140 854 3204 olim
878 3147 911 3202 et
933 3161 1019 3204 nuno
1041 3139 1254 3226 appellantur
1348 3215 1354 3234 .

202 3241 292 3304 aliud
315 3249 392 3306 sunt
419 3263 506 3306 nunc
539 3242 658 3328 psalmi
681 3277 721 3288 -
745 3243 835 3306 aliud
858 3243 1070 3328 antiphonae.
1113 3245 1254 3306 Ferraria

198 3349 242 3406 ed.
267 3348 445 3409 0111111111.

118 3445 269 3530 Antiqua
292 3455 326 3512 et
348 3449 474 3512 diutina
496 3452 682 3535 praestatio
704 3448 832 3512 inducit
852 3449 1089 3533 obligationem
1109 3450 1143 3514 iu
1158 3448 1253 3513 futu-

199 3573 281 3614 rum.
305 3551 348 3635 gl.
371 3551 415 3615 ad
441 3555 530 3616 erem.
552 3575 605 3615 uu.
629 3553 670 3616 II.
694 3555 723 3618 8.

120 3651 349 3734 Antiquitates
367 3656 452 3740 juris
476 3659 634 3720 canonici.
678 3656 790 3720 Unum
821 3655 1027 3720 solummodo
1058 3654 1101 3720 de
1123 3653 1187 3720 hac
1214 3677 1253 3721 re

203 3763 317 3820 exstat
336 3779 419 3842 opus
435 3758 619 3822 literarium
640 3747 754 3842 Poacil,
779 3759 821 3822 ad
837 3758 1024 3844 exemplum
1041 3759 1151 3844 operis
1176 3761 1253 3820 Hei-

199 3864 295 3920 11111·Λ
313 3860 354 3924 de
372 3863 497 3946 antiqu.
516 3862 602 3945 juris
626 3863 769 3927 Romani
793 3865 952 3948 concepti.
975 3861 1036 3926 llle
1057 3863 1109 3925 vir
1132 3859 1251 3929 doctus

201 3983 266 4025 non
289 3962 396 4026 solum
416 3965 472 4048 jus
497 3964 759 4030 ecclesiasticum
788 3974 857 4029 tam
886 3966 1129 4031 hierarchicum
1151 3985 1253 4052 quam

198 4063 559 4147 liturgicumtractat.
590 4069 651 4132 sed
677 4070 733 4154 jus
765 4072 956 4135 canonicum
987 4071 1177 4134 universum
1206 4089 1251 4134 ex

199 4168 382 4250 originibus
407 4172 475 4234 suis
499 4170 655 4255 explieat.
681 4173 812 4253 Omnia,
835 4193 922 4258 quae
945 4172 988 4236 ad
1010 4174 1251 4238 institutionem

205 4269 366 4334 ccclesiae
387 4274 496 4357 ipsam
518 4294 779 4360 processumque
797 4277 883 4360 juris
907 4278 1056 4341 canonici
1077 4295 1183 4360 usque
1206 4275 1250 4338 ad

203 4373 370 4442 saeculum
393 4382 526 4444 sextum
549 4377 751 4464 proferenda
775 4387 879 4460 eraut.
902 4381 1020 4448 inhoc
1036 4400 1250 4467 opereprae-
