3088 5140
583 385 821 454 -165-

215 557 711 644 ·0.3.5.c.xstqu.2.

284 685 312 729 c.
336 665 385 730 10.
410 660 447 728 O.
470 662 567 728 XIII.
592 684 647 748 qu.
669 661 699 726 2.

271 749 313 833 c.
336 767 386 831 18.
409 768 459 831 20.
483 766 532 830 21.
557 763 594 830 C.
609 763 723 830 XVII.
748 787 802 852 qu.
825 769 855 830 4.

111 868 364 951 sacrilegium
386 877 439 935 est
460 868 616 934 delictum
639 876 756 933 eontra
768 869 975 956 disciplinam
997 872 1268 957 eeclesiasticam,

213 974 339 1039 furtum
367 975 466 1039 etiam
495 974 529 1035 in
559 973 689 1058 specie,
720 974 749 1037 si
779 971 864 1038 adeo
897 993 983 1039 rem
1012 977 1268 1060 privatame

214 1075 291 1142 loco
320 1095 417 1141 sacro
448 1077 522 1161 quis
553 1076 755 1160 surripuerit.
801 1097 820 1139 c
852 1077 902 1144 20.
927 1077 976 1140 21.
1001 1080 1054 1143 cit.
1078 1055 1131 1163 (O.
1153 1077 1267 1144 XVII.

215 1201 269 1265 eu·
291 1177 338 1264 4·)

113 1280 291 1348 sacrista
313 1315 355 1330 -
378 1279 606 1367 scevophilex,
623 1277 755 1366 Sigrist.
781 1280 838 1346 Ad
860 1281 932 1367 ejus
963 1283 1110 1348 officium
1123 1286 1269 1368 pertinet

214 1383 365 1450 custodia
388 1403 560 1448 sacrorum
581 1403 750 1462 vasorum,
772 1386 1044 1449 vestimentorum
1063 1386 1268 1452 ecelesiasti-

214 1508 336 1568 eorum,
358 1486 575 1551 luminarium.
620 1484 776 1552 Officium
791 1489 955 1553 sacristae
978 1487 1128 1574 capellae
1150 1489 1267 1576 palatii
1370 1498 1375 1505 ·

212 1589 401 1676 Apostolici
421 1591 636 1654 committitur
671 1587 769 1654 alicui
792 1609 837 1654 ex
858 1590 1021 1655 iratribus
1043 1589 1267 1657 Eremitarum

215 1691 333 1760 Sancti
355 1693 544 1778 Augustini.
660 1719 670 1732 *

118 1797 269 1880 Sagena
291 1831 333 1844 -—
355 1817 417 1882 pro
440 1796 604 1862 navicula.
627 1801 669 1859 da
691 1795 808 1860 ibana
831 1799 958 1874 Phillips
980 1793 1022 1864 V.
1043 1818 1076 1883 p.
1099 1797 1173 1863 795.

117 1899 316 1980 salinaria,
338 1899 502 1988 pedagia,
527 1900 696 1986 quidagia,
725 1923 757 1966 v.
780 1899 949 1986 quidagia.
969 1903 1027 1986 qui
1055 1900 1113 1965 illa
1141 1901 1266 1985 injuste

213 2006 329 2089 exigit,
352 2005 381 2068 si
402 2005 467 2088 ipsi
489 2002 700 2068 interdictum
722 2011 791 2080 est,
815 2003 924 2089 poena
954 2003 1184 2070 ecclesiastica
1207 2005 1261 2071 ie·

211 2110 304 2172 ritur.

282 2230 308 2273 c.
332 2210 382 2273 26.
404 2208 451 2273 Χ.
475 2208 518 2273 de
541 2207 581 2273 V.
605 2207 639 2275 S.
662 2208 702 2274 V.
724 2211 775 2274 40.
799 2214 840 2271 du
861 2210 979 2272 Ficana

118 2312 300 2382 salitores
319 2316 431 2377 vocati
453 2319 540 2397 sunt,
564 2315 653 2398 quia,
676 2308 753 2375 dum
776 2315 824 2376 eis
840 2311 1062 2377 membrorum
1085 2333 1266 2399 quaecum-

212 2438 277 2504 que
299 2424 413 2502 partes
436 2416 594 2498 salierint,
617 2413 744 2501 aliquid
765 2415 829 2480 sibi
852 2414 973 2487 exinde
984 2435 1183 2502 prosperum
1205 2438 1264 2482 seu
1351 2459 1357 2472 .

212 2522 310 2584 triste
328 2519 508 2604 significari
529 2519 733 2604 praedicunt.

280 2643 306 2687 c.
321 2624 349 2686 1.
372 2619 399 2707 §-
423 2623 452 2686 8.
476 2620 513 2686 0.
534 2620 670 2686 XXVI.
694 2643 748 2707 qu.
759 2623 788 2688 3.
801 2624 831 2686 4.
853 2621 957 2707 Apud
973 2625 1105 2685 Bb‘bmer
1127 2630 1162 2689 et
1174 2626 1265 2689 Klotz

321 2747 347 2792 s.
367 2747 397 2789 v.
421 2725 624 2790 salisatores.
1352 2732 1356 2742 ’

119 2827 275 2896 saltatio
299 2829 426 2894 clericis
448 2829 634 2894 interdicta.
681 2831 834 2892 tuumne.
859 2851 884 2896 s.
906 2851 937 2893 v.
960 2829 1106 2896 saltatio.

119 2931 300 2999 Salutatio
324 2932 518 3022 evangelica
540 2967 582 2978 -
604 2933 748 2996 formula
770 2935 862 3018 prior
886 2939 920 2997 et
941 2936 1117 3019 posterior.
1140 2934 1263 2999 Ferre.

210 3035 378 3102 Salutatio
402 3035 618 3120 angelica-
642 3039 803 3100 sanctitas
828 3043 861 3100 et
885 3036 951 3100 alia
967 3037 1176 3122 respicienda
1187 3046 1264 3103 sunt
1376 3081 1379 3088 ι

208 3143 241 3204 in
263 3140 327 3206 hoc
348 3139 434 3204 libro
457 3138 683 3204 bibliothecae
706 3141 803 3220 Far„
826 3142 1006 3224 praecipue
1028 3143 1154 3205 nostrie
1177 3149 1264 3205 tem-

208 3243 365 3329 poribus,
394 3245 428 3306 in
450 3242 571 3328 quibus
594 3242 744 3307 homines
774 3241 864 3306 docti
886 3261 941 3306 res
963 3241 1153 3327 historicas,
1175 3264 1262 3328 quae

207 3343 272 3410 illis
295 3346 483 3411 notionibus
513 3345 697 3422 inhaerent,
720 3344 900 3410 falsissime
922 3347 1195 3430 interpretantur.

119 3447 400 3529 salutatorium,
424 3448 516 3534 quod
539 3451 639 3512 etiam
662 3447 878 3513 Diaconicum
900 3469 1074 3534 magnum,
1105 3445 1262 3514 Secreta-

212 3555 312 3632 rium‚
343 3552 580 3638 Receptcrium
611 3558 644 3617 et
675 3550 876 3630 Vestiarium
908 3551 1158 3637 appellabatur,
1189 3560 1262 3617 erat

208 3654 336 3719 exedra
359 3654 521 3721 ecclesiae
544 3654 711 3739 adjuncta,
734 3655 791 3718 ubi
807 3657 984 3740 episcopus
1008 3673 1123 3719 sacras
1146 3662 1261 3719 vestes

207 3757 376 3841 induebat,
401 3767 435 3822 et
456 3757 602 3822 fidelium
625 3756 843 3823 salutationes
867 3755 1066 3842 excipiebat.

278 3864 388 3923 Benna
411 3859 507 3928 XIV.
531 3860 561 3924 d.
585 3883 612 3927 s.
635 3862 665 3925 d.
687 3860 743 3926 lib.
765 3861 794 3925 3.
817 3881 843 3925 c.
868 3861 918 3925 11.
942 3857 969 3944 ἓ.
993 3859 1021 3924 5.

121 3961 311 4030 Sanctitas.
335 3963 451 4031 Sancti
473 3999 515 4011 --
537 3964 771 4048 martyrologii
792 3963 935 4028 Romani
953 3965 1134 4030 novissima
1147 3963 1259 4030 editio.

207 4067 323 4133 Diario
345 4068 506 4134 Romano.
529 4069 533 4076 ’

122 4169 304 4234 Sanctitas
325 4170 492 4235 hominum
516 4177 568 4235 est
589 4172 728 4234 imitatio
761 4167 912 4235 Christi·
939 4173 1089 4253 Pilpram,
1120 4169 1260 4256 physio-

207 4273 298 4358 logia
321 4274 493 4358 ecolesiae,
515 4274 665 4359 Mogunt.
690 4276 782 4340 1860.
806 4281 907 4361 caput
928 4273 1087 4339 ultimum.

122 4375 376 4447 Sanetuarium
399 4409 441 4426 --
463 4378 571 4464 bema,
593 4377 650 4445 ubi
673 4399 771 4444 sacra
793 4365 905 4446 cilicia
926 4377 1187 4465 peragebantur.
