3088 5140
577 367 816 440 -1os-

210 542 343 629 positae
364 545 414 608 ita
436 563 570 630 quoque
591 546 752 612 remissae
774 549 861 626 sunt,
884 550 921 610 ut
934 541 1031 616 'side
1053 564 1090 612 ra
1110 543 1187 630 ipsa
1207 540 1263 609 val

212 649 339 712 meritis
364 668 485 712 causae
497 647 604 734 judex
627 647 831 713 sufficienter
853 649 1036 713 instructus
1051 646 1161 730 fuerit,
1184 667 1263 714 sen·

212 752 351 816 tentiam
373 749 577 816 definitivam
606 751 697 816 ferre
719 752 873 836 potuerit.

108 851 341 919 Procuratio
364 855 522 940 episcopo
552 856 585 918 in
615 873 714 940 opere
738 860 772 918 et
793 855 910 920 itinere
938 854 1138 918 visitationis
1161 873 1264 940 pree·

214 955 345 1021 stands.
672 1039 676 1048 Ι

110 1059 351 1125 Procurator
373 1059 547 1146 generalis,
570 1057 734 1146 specialis,
758 1079 832 1123 oum
861 1057 1005 1124 libera
1034 1057 1262 1142 (administra-

212 1161 328 1248 tione),
353 1183 380 1227 c.
403 1165 432 1227 4.
453 1165 487 1226 in
503 1161 575 1228 VI⁰.
598 1161 623 1228 Ι.
641 1164 690 1229 19.
714 1160 755 1229 de
776 1180 923 1250 procur.;
948 1160 1042 1226 clem.
1065 1163 1093 1226 2.
1116 1160 1158 1226 ds
1180 1183 1263 1248 pro-

214 1273 319 1332 curat.
340 1265 363 1332 Ι.
389 1265 438 1332 10.
460 1268 593 1327 Roschirt
613 1265 669 1350 jus
693 1285 765 1330 ean.
787 1287 818 1351 p.
841 1265 913 1330 269.

256 1367 510 1434 Advocatus
532 1389 599 1433 non
621 1374 673 1433 est
694 1374 903 1454 procurator,
926 1366 986 1432 sed
1003 1373 1133 1434 tenetur
1155 1365 1262 1432 solum

215 1493 260 1536 ax
282 1469 428 1536 consilio.

111 1572 302 1654 Profiteri,
324 1573 510 1660 professus,
533 1574 714 1661 professor.
759 1573 798 1639 In
816 1573 893 1657 jure
906 1569 1074 1638 Canonico
1086 1574 1262 1660 profitetur

211 1677 392 1754 monachus
415 1684 495 1742 vota
517 1677 713 1762 evangelica
735 1684 770 1741 et
793 1675 942 1742 ordinem
964 1683 1090 1742 status:
1118 1677 1263 1762 ideoque

212 1781 331 1848 dicitur
359 1781 533 1866 professus
567 1779 622 1844 vel
657 1779 842 1862 religiosus.
894 1778 1074 1843 Professor
1102 1785 1262 1865 tanquam

213 1886 375 1968 magister
397 1882 488 1969 apud
510 1883 650 1947 Latinos
673 1902 751 1945 raro
774 1883 928 1964 occurrit,
958 1883 1007 1945 uti
1038 1884 1176 1944 Klotztos
1200 1903 1263 1948 ox-

212 1989 317 2072 ponit,
338 1989 372 2049 in
393 1992 505 2050 aetate
535 1991 713 2069 argentea:
743 1981 852 2048 medio
883 2004 967 2048 aevo
997 1984 1176 2049 utebantur
1198 1985 1263 2050 ho-

211 2091 314 2152 mines
337 2088 502 2153 vocabulo
527 2089 707 2172 „magister
729 2086 785 2151 vel
815 2085 962 2170 doctor“,
992 2107 1079 2151 nunc
1107 2109 1187 2153 vero
1211 2097 1263 2154 est

211 2192 386 2278 professor
415 2191 568 2278 publicus
599 2199 633 2255 et
663 2211 705 2255 ex
730 2190 973 2276 significatione
1003 2193 1177 2276 „magistri
1206 2213 1262 2256 re-

212 2293 344 2379 gentis“
368 2293 557 2380 appellatur
577 2293 771 2359 ordinarius.

115 2394 301 2464 Promitte
323 2396 429 2462 vobis.
454 2399 663 2462 sanctissimo
687 2404 720 2462 et
731 2397 923 2461 beatissimo
936 2395 1078 2461 Domino
1091 2417 1175 2476 meo,
1198 2417 1262 2484 pa-

210 2521 275 2588 pae
299 2507 332 2566 et
353 2521 427 2586 per
450 2519 525 2564 vos
548 2499 648 2564 beato
671 2500 774 2564 Petro
795 2501 936 2586 principi
947 2497 1187 2585 Apostolorum
1199 2505 1260 2565 ete.

209 2603 287 2668 inde
309 2605 533 2668 successio
556 2610 701 2688 papatus
725 2609 758 2667 et
780 2605 890 2667 unitas
914 2601 1084 2667 ecclesias.

280 2705 354 2770 Lib.
377 2706 514 2770 diurnus
536 2727 569 2791 p.
593 2705 643 2771 59.

117 2809 161 2875 lu
182 2807 430 2893 promovendo
446 2815 590 2894 quatuor
601 2809 828 2894 requiruntur:
851 2809 999 2893 scientia,
1022 2814 1128 2894 aetas,
1151 2828 1260 2872 mores

210 2919 246 2976 et
268 2911 361 2977 ordo.

280 3014 324 3099 gl.
346 3013 391 3078 ad
412 3035 439 3079 c.
461 3015 489 3080 8.
512 3015 546 3080 in
568 3012 641 3080 VI⁰.
663 3013 705 3080 Π.
727 3016 756 3080 4.

120 3115 345 3202 Propensius
367 3119 387 3182 i.
400 3137 427 3182 e.
450 3119 633 3200 extensius,
656 3116 717 3182 sed
741 3115 839 3199 illud,
868 3115 925 3182 ubi
955 3115 1093 3182 dicimus
1122 3123 1261 3203 proten-

210 3223 297 3286 sius:
319 3220 379 3286 sad
401 3222 600 3306 propensius
623 3219 793 3284 derivatur
816 3239 836 3282 a
858 3240 965 3306 prope
986 3218 1041 3284 vel
1062 3239 1260 3307 propere-

212 3325 310 3409 quasi
327 3322 487 3388 velociter
508 3323 561 3388 vel
582 3323 786 3388 festinanter.

281 3425 325 3512 gl.
348 3425 392 3490 ad
416 3424 519 3492 clem.
542 3426 616 3490 21.
641 3427 669 3492 6.

119 3526 418 3614 Propitiatorium
441 3549 500 3594 seu
522 3529 801 3613 satisfactorium,
836 3527 926 3614 quod
950 3531 1129 3616 opponitur
1150 3529 1260 3615 impe-

209 3633 344 3696 raterio.

277 3736 390 3799 cenes.
412 3732 509 3800 XIV.
533 3733 564 3798 d.
587 3756 613 3799 s.
636 3733 666 3798 d.
688 3733 787 3800 lib.5
821 3755 847 3800 c.
870 3737 899 3801 8.
919 3733 947 3820 ἓ.
968 3735 998 3801 3.

118 3834 397 3922 Propositioues
428 3836 604 3903 damnatae
634 3837 688 3902 vel
717 3837 962 3904 malesanantes
993 3839 1047 3904 val
1075 3836 1177 3906 laxas
1206 3837 1260 3904 vel

209 3939 441 4022 scandalosse‚
457 3939 513 4004 vel
524 3940 706 4006 seditiosae
720 3941 776 4006 vel
787 3941 1029 4025 schismaticae,
1044 3940 1099 4007 vel
1111 3944 1260 4028 insanae,

207 4063 374 4129 paganae,
396 4042 783 4126 fabulosaamendosaa,
803 4043 971 4129 judaicae,
995 4053 1182 4130 suspectae,
1205 4052 1260 4109 to-

206 4147 380 4227 merariae,
403 4148 598 4231 antiquatae
621 4153 654 4212 et
668 4145 753 4210 aliae
776 4168 803 4212 e.
822 4144 963 4232 g.h01'no
980 4151 1113 4234 sapiens
1136 4147 1259 4212 haere-

205 4250 280 4331 sim,
304 4250 438 4334 sapiens
461 4268 616 4314 errorem.
663 4251 808 4314 Ferraria
828 4251 861 4314 in
883 4251 949 4315 fine
978 4250 1134 4318 vocabuli
1155 4235 1259 4340 pro·

205 4353 454 4441 positiones
477 4361 512 4421 et
532 4355 566 4420 in
587 4353 688 4419 variis
711 4351 785 4420 aliis
807 4351 898 4422 loeis.
