3080 5150
578 393 624 410 -
674 359 736 428 ree
771 395 825 466 ,-

117 534 252 617 Pange
272 533 397 620 lingua.
442 535 623 613 1161166966
643 536 786 598 Latera.
894 597 897 604 ,

26 703 28 708 .
116 633 233 723 Papa
255 638 526 722 pneuma-jam
548 638 593 702 ab
615 641 730 702 aetate
753 639 995 701 6666666661.
1019 637 1101 702 data
1115 646 1168 706 est
1188 639 1271 706 haec

215 740 399 828 appellatio
422 742 589 826 episcopis
613 748 647 805 et
657 743 840 826 praecipue
850 740 1007 806 Pontifici
1023 749 1160 806 summo.
1182 741 1270 808 Lib.

216 843 352 907 diurn.
373 863 406 929 p.
426 842 476 907 54.

110 943 312 1012 Parabolu
342 967 384 998 ⁴*
406 943 523 1032 parole
544 947 579 1010 in
600 945 715 1031 lingua
738 944 869 1030 gallica.
903 950 945 1009 aa
966 947 1076 1010 iisne
1099 968 1126 1011 c.
1150 949 1200 1014 10.
1221 947 1270 1013 X.

216 1049 261 1115 do
280 1065 373 1115 usur.
393 1047 433 1113 Vr
459 1051 509 1114 19.

109 1151 399 1219 Perustaeuarii
420 1187 462 1200 -
485 1149 698 1239 (stapedarii)
721 1155 801 1237 quia
829 1154 865 1216 in
893 1151 1029 1218 assiduo
1070 1161 1149 1218 sunt
1177 1160 1269 1219 motu

218 1259 467 1342 ministerioque
496 1256 681 1340 iunguntur
717 1255 946 1340 laboriosiori,
987 1256 1197 1322 brevioribus
1227 1277 1269 1321 ao

215 1361 324 1444 magis
347 1355 514 1445 expeditis
535 1359 687 1424 vestibus
717 1360 768 1422 uti
797 1365 957 1445 possunt,
989 1361 1118 1424 etiamsi
1144 1360 1274 1424 fuerint.

217 1462 340 1528 clerici.
362 1459 464 1528 Conc.
487 1460 645 1542 Later-an.
667 1461 731 1526 sub
753 1464 852 1523 Leone
872 1461 921 1526 X.
940 1460 1032 1526 1514.
1056 1460 1147 1528 Sese.
1170 1465 1198 1528 9.

112 1565 344 1632 Paramenta
366 1586 474 1648 sacra,
495 1567 627 1646 missae,
650 1564 897 1644 ecclesiastica,
918 1564 1035 1630 altaris
1065 1586 1096 1628 v.
1118 1568 1266 1630 Ferraria

214 1667 256 1732 V.
279 1669 379 1734 color.
670 1671 674 1676 '

115 1770 382 1856 Paranympha
404 1806 446 1820 -
467 1778 631 1856 matrona,
655 1792 742 1856 quae
764 1791 922 1856 sponsam
944 1771 1175 1838 comitabatur.

117 1874 406 1957 Paranymplrus
426 1909 468 1922 -
489 1877 540 1938 vir
564 1873 714 1958 ejusdem
737 1873 858 1940 condit.
903 1875 1001 1936 Klotz.

259 1975 410 2063 Sponsus
424 1983 458 2042 et
471 1997 597 2063 sponsa
620 1995 694 2040 cum
705 1976 923 2042 benedicendi
944 1983 1059 2042 sunta
1078 1977 1265 2061 sacerdote,

217 2080 455 2166 aparentibus
483 2082 553 2146 suis
576 2079 673 2144 vela
702 2079 942 2166 paranymphis
973 2083 1041 2144 suis
1072 2080 1265 2148 offerantur.

282 2186 407 2266 Raptae,
428 2182 485 2247 lib.
507 2185 535 2248 2.
561 2204 587 2254 c.
612 2181 683 2248 153.
706 2179 1075 2265 (edWosserschlcben).

282 2289 454 2366 Burcbord.
477 2285 499 2351 l.
522 2289 550 2351 9.
573 2306 602 2352 o.
626 2287 654 2349 6.
678 2285 706 2349 7.

120 2389 339 2454 Pal'aseeve.
362 2385 404 2456 V.
427 2388 467 2450 du
483 2384 611 2468 Pressa·
632 2389 717 2452 feria
740 2393 840 2452 sexta
861 2385 996 2454 ultimae
1018 2385 1073 2452 vel
1089 2387 1266 2474 cujuslibet

209 2491 437 2558 hebdomadis.
461 2486 691 2577 (Charfreitag
714 2482 914 2576 κατέξοχήν.)

117 2595 258 2672 Parata
280 2631 321 2642 -
343 2599 542 2662 mansiones.

280 2719 306 2763 c.
329 2701 358 2765 9.
383 2696 419 2764 C.
442 2697 489 2763 X.
513 2720 566 2783 qu.
592 2700 619 2761 1.

252 2787 379 2866 ¹Parata
392 2809 487 2866 erant
507 2815 688 2888 expensae,
713 2812 799 2886 quac
811 2803 845 2865 in
860 2805 1093 2886 episcoporum
1105 2805 1138 2866 et
1151 2801 1263 2866 archi-

209 2902 422 2968 diaconorum
451 2905 720 2992 susceptionibus
757 2926 778 2967 a
806 2899 1016 2990 presbyteris
1048 2901 1280 2970 ecclesiarum·

207 3002 367 3071 ruralium
381 3007 473 3089 fiunt,
497 3007 574 3072 dum
592 3011 615 3071 ii
631 3006 809 3074 dioecesim
821 3011 976 3073 visitanti
999 3014 1095 3072 erant
1111 3015 1263 3094 tempore

207 3113 387 3196 posteriori
407 3113 623 3196 pecuniarum
644 3114 900 3196 praestationes.

95 3279 98 3284 ,
250 3214 442 3278 Μ66616666
464 3216 710 3299 praestationes
733 3234 844 3277 rerum
866 3212 1075 3278 naturalium.

115 3317 276 3382 Parare
297 3317 317 3378 i.
340 3335 367 3380 e.
388 3318 640 3401 'procuratores
664 3323 698 3379 et
721 3315 994 3380 cathetradicum.
1030 3317 1143 3380 Beacd.
1165 3313 1262 3382 XIV.
1306 3318 1315 3331 ”

209 3418 239 3484 d.
262 3439 288 3483 6.
311 3418 341 3482 d.
365 3415 431 3502 (ed.
453 3417 604 3501 Maponi.)
626 3419 651 3484 I.
675 3440 706 3505 p.
729 3416 816 3502 353.)

114 3513 320 3588 Parentela.
341 3525 375 3585 in
396 3522 569 3608 parentela
591 3525 728 3608 propria
760 3529 793 3588 ct
822 3523 973 3607 conjugis
996 3522 1114 3586 eadem
1143 3521 1262 3586 obser-

209 3626 321 3690 vanda
345 3631 397 3690 est
420 3630 700 3710 consanguinitas.
734 3649 760 3692 c.
785 3629 835 3692 14.
859 3624 895 3690 C.
919 3623 1077 3692 XXXV.
1101 3649 1153 3711 qu.
1179 3627 1207 3690 2.
1228 3627 1259 3691 3.

206 3728 360 3814 ideoque,
384 3731 413 3794 ei
435 3729 572 3815 adoptio
595 3730 702 3813 adast,
726 3732 862 3814 cognati
882 3732 916 3792 in
945 3729 1033 3793 linea
1055 3736 1148 3794 recta
1179 3750 1261 3794 oon-

206 3833 298 3897 nubii
316 3833 372 3918 jus
395 3845 462 3897 non
483 3829 719 3916 habent-licet
740 3836 805 3920 ipsi
828 3837 963 3918 cognati
984 3852 1050 3900 non
1073 3835 1146 3898 sint.

114 3933 300 4002 Parocmr
321 3965 363 3982 *-
386 3943 459 4002 crat
488 3943 600 4000 terrae
630 3938 775 4002 ambitus
798 3971 839 3986 -
862 3940 1081 4016 territorium,
1111 3941 1260 4004 termi-

206 4041 343 4122 natio,
367 4041 517 4125 episcopi
533 4027 758 4124 jurisdictioni
780 4041 943 4126 subjecta.

249 4140 382 4206 Erectis
405 4142 555 4206 ecclesiis
578 4137 834 4228 baptismalibus
857 4147 936 4226 ruri,
958 4143 1079 4230 quibus
1101 4154 1259 4231 praeerat

205 4245 385 4330 presbyter
405 4252 565 4331 tanquam
586 4250 810 4332 proprius,
832 4248 909 4312 huic
925 4250 1094 4314 territorio
1118 4267 1259 4314 conces-

207 4368 280 4416 sum
292 4359 344 4420 est
365 4349 565 4418 vocabulum
578 4351 790 4440 „perueniat
805 4351 1024 4421 Territorium
1045 4356 1195 4442 episcopi
1214 4353 1257 4420 ab
