3108 5138
763 344 985 410 ..14-

394 521 435 584 68
445 516 513 605 sq.)
531 519 800 604 circumscriptae
825 523 912 600 sunt,
935 515 1082 582 ordinem
1098 515 1259 582 exhibant
1271 516 1455 580 civitatum

391 623 550 687 Austriae
573 642 679 707 usque
702 621 902 686 adnostros
924 621 1005 686 dics.

308 721 402 790 Ave!
426 739 522 791 avere
544 745 657 790 aveas.
701 727 842 801 Dictaea,
866 724 1018 788 manuale
1041 745 1067 788 s.
1089 736 1198 790 avere.

307 831 451 910 Avoyer
471 831 492 896 i.
514 848 541 893 e.
570 833 780 914 patronus
804 847 830 892 n
853 829 882 894 2.
904 829 937 890 in
959 826 1028 911 VI.,
1051 826 1214 892 derebus
1237 825 1354 892 scalas.
1376 848 1451 891 non

389 933 486 997 ¹alian.

306 1033 444 1099 Auxilia
472 1037 639 1120 pertinent
661 1033 706 1098 ad
736 1036 960 1098 oeconomiam
984 1032 1112 1116 salutis,
1134 1032 1212 1098 libri
1241 1032 1283 1097 dc
1305 1031 1446 1098 auxiliis

391 1138 551 1224 prohibiti
579 1137 633 1202 val
669 1137 787 1222 Papae
817 1140 963 1202 censuris
999 1138 1173 1202 reservati
1209 1135 1308 1202 Bulla
1343 1138 1449 1222 primi

390 1241 538 1326 Augusti
554 1242 646 1304 1641.
667 1245 815 1303 Analecta
836 1243 995 1319 Pontifida
1014 1239 1041 1304 Ι.
1062 1261 1094 1325 p.
1112 1239 1205 1306 1223.
1226 1239 1309 1304 afas.
1329 1238 1447 1306 lexico

389 1343 481 1408 latin
508 1343 606 1407 class.
636 1363 664 1408 e.
686 1364 717 1428 g.
741 1343 867 1406 auxilia
899 1341 1064 1407 adversae
1094 1341 1305 1406 valetudinis.
1336 1345 1445 1417 moa,
1548 1397 1549 1428 ζ

390 1445 714 1512 Handw'drterbnola
757 1445 970 1512 Heilsmittsl
1011 1445 1099 1510 Vide
1135 1453 1241 1510 const
1280 1448 1373 1508 Paua
1402 1443 1446 1510 V.

391 1547 519 1632 (itamar,
542 1549 884 1635 Kirchengesabichto
906 1548 948 1614 ll.
977 1571 1010 1636 p.
1037 1549 1111 1615 307.
1146 1547 1376 1634 ¹Couguagatio
1402 1547 1445 1611 de

392 1652 523 1718 auxiliis
546 1675 577 1719 v.
601 1651 838 1739 Congregatio.

305 1753 514 1822 Aximnatici
535 1791 577 1805 --
598 1759 889 1842 magistratus
912 1763 1203 1843 -magnatas,
1219 1755 1295 1822 lib.
1319 1756 1445 1821 diur-

390 1879 476 1924 nus.
497 1880 530 1944 p.
552 1859 604 1924 23.
627 1866 663 1924 et
684 1862 725 1924 da
747 1861 867 1924 masa

303 2277 493 2342 Bacabctta
516 2285 568 2344 est
585 2279 719 2362 virga.

302 2381 543 2450 Baldacblnus
570 2419 611 2430 -
634 2384 688 2447 cui
709 2401 887 2447 concessus
910 2383 994 2444 aaa.

303 2485 483 2552 Ballivus=
512 2488 799 2574 praepositus
829 2487 863 2548 in
891 2491 983 2550 terra
1007 2481 1188 2549 Gallorum.
1211 2483 1255 2570 gl
1278 2483 1322 2550 ad
1345 2484 1439 2550 clem.
1547 2575 1548 2580 ἵ

303 2592 427 2756 hunda
438 2591 613 2757 ymllctae
636 2699 669 2756 et
692 2691 851 2756 emendae
881 2691 925 2756 ob
953 2692 1164 2759 forisfactum
1193 2712 1253 2758 sau
1274 2689 1440 2756 delictum

388 2795 571 2892 solvendae
590 2815 621 2859 a.
647 2796 696 2860 13.
717 2795 765 2862 X.
789 2793 830 2859 de
852 2815 999 2880 praescr.
1021 2795 1064 2860 211.
1087 2797 1137 2858 26.

302 2897 436 2979 Banna,
460 2919 546 2983 qnae
568 2901 602 2962 in
624 2898 772 2964 ecclesiis
795 2898 1269 2964 secundumconsuetudinem
1290 2898 1436 2964 eduntur
1458 2913 1460 2916 ’

388 3009 466 3067 ante
489 3003 697 3067 matrimonia
710 3000 922 3085 celebranda,
945 3023 971 3067 c.
985 3004 1015 3082 β.
1038 3002 1086 3069 Χ.
1101 3004 1159 3088 qui
1174 3003 1437 3068 mamaccas.
1545 3101 1546 3104 Ἴ

300 3103 654 3274 BannIivlirslssd’aaorla
777 3179 780 3185 Δ

301 3311 509 3397 Baptismus
536 3324 849 3382 sacramentum
880 3337 953 3382 cum
984 3313 1180 3383 charactere
1207 3311 1438 3382 indelebili
1544 3311 1545 3314 ’

281 3427 284 3434 “
385 3453 427 3467 -
451 3439 517 3505 quo
536 3423 808 3508 concupiscentia
831 3422 1038 3505 extinguitur
1059 3439 1125 3484 non
1143 3427 1181 3484 ut
1197 3420 1351 3503 nonsit,
1372 3418 1436 3484 sod

386 3530 512 3588 utnon
536 3523 625 3589 obsit
647 3545 673 3588 c.
697 3525 725 3587 2.
750 3523 825 3588 dist.
846 3527 875 3588 4.
898 3523 940 3588 de
956 3539 1111 3591 conseer.

300 3624 508 3709 Baptismus
530 3627 658 3711 obligat
681 3629 781 3691 etiam
792 3628 946 3692 infantes.
970 3627 1012 3712 gl.
1035 3628 1078 3692 ad
1101 3650 1127 3694 a
1149 3629 1179 3692 3.
1201 3630 1235 3691 in
1247 3626 1319 3693 vll.
1342 3627 1383 3693 V.
1406 3627 1435 3690 2.

299 3728 506 3812 Baptismus
536 3737 588 3796 est
606 3731 742 3814 janua
765 3732 907 3794 omnium
928 3737 1219 3796 sacramentonum.
1238 3731 1286 3817 gl.
1308 3731 1394 3796 ada.
1405 3731 1436 3795 3.
1542 3741 1543 3760 l

386 3831 419 3894 di
454 3878 462 3894 .
529 3881 535 3895 .

298 3835 579 4017 Baptislrludlest
599 3938 707 4023 prima
729 3936 845 4002 tabula
868 3968 909 3984 ·-
931 3941 1136 4025 poenitentia
1158 3945 1211 4004 est
1237 3937 1355 4003 tabula
1377 3959 1435 4004 se-

384 4038 501 4206 gpsrpdal.
533 4039 643 4124 glad
667 4061 693 4105 c.
716 4043 767 4106 49.
787 4039 828 4106 C.
852 4041 1028 4108 XXXIII.
1057 4063 1111 4128 qu.
1134 4043 1164 4106 3.
1188 4041 1229 4107 de
1251 4043 1433 4126 poenitent.

420 4245 461 4310 ln
489 4247 556 4311 ritu
585 4251 777 4315 necessaria
807 4259 900 4316 sunta
929 4250 1069 4316 vascula
1099 4250 1164 4316 olei
1186 4283 1228 4298 --
1258 4267 1333 4314 cum
1363 4249 1433 4315 sale

278 4371 281 4378 ’
383 4349 578 4435 benedicto,
612 4354 783 4418 vasculum
811 4355 854 4420 ad
884 4375 1005 4440 aquam
1034 4357 1193 4442 baptismi
1228 4353 1434 4420 fundendam
1484 4405 1485 4408 .
