3080 5150
537 431 580 447 --
622 378 685 463 111
731 431 773 446 -

82 564 251 649 Iliturgin.
290 554 362 633 „Jus
394 567 593 654 liturgicum.
637 569 792 654 Liturgia
825 563 983 656 graecum
1018 587 1137 634 nomen
1159 575 1221 650 est,

163 671 260 756 quod
288 670 470 736 universali
500 671 796 757 comprehensione
822 671 1042 758 publicum
1071 674 1222 736 ministe-

163 777 252 837 rium
285 774 342 839 vel
367 773 504 860 publici
522 776 694 840 ministerii
731 795 815 859 opus
839 775 1015 860 significat,
1044 807 1086 821 —·-
1119 773 1221 838 latius

165 880 267 942 etiam
290 880 379 941 inter
401 879 562 963 privatos.

208 980 275 1045 Jus
298 981 490 1065 liturgicum
508 982 564 1066 jus
588 989 639 1047 est
661 982 898 1066 sedationem,
922 1001 989 1068 qua
1011 982 1119 1046 cultus
1134 981 1223 1066 pub·

164 1082 251 1148 lieus
283 1086 329 1148 sit
350 1083 426 1150 Deo
458 1086 649 1169 sanctisque
678 1085 918 1170 praestandus,
948 1083 1223 1150 constituendam.

164 1186 243 1252 Hoc
253 1187 328 1271 jam
341 1193 562 1264 exercuerunt
569 1185 735 1274 Apostoli,
749 1193 783 1252 et
797 1187 953 1273 liturgiae
968 1190 1051 1254 ritus
1069 1187 1112 1252 ab
1125 1187 1222 1272 Apo-

166 1289 264 1354 stolis
296 1291 429 1374 recepti.
456 1296 542 1354 sunt.
595 1289 648 1354 De
677 1288 742 1354 hae
774 1311 811 1355 re
841 1297 978 1356 exstent
1007 1288 1223 1355 celeberrima

167 1393 301 1477 seripta
322 1398 358 1456 et
379 1393 413 1456 in
434 1398 551 1456 nostra
574 1391 721 1456 secunda
742 1399 840 1477 parte
862 1395 1000 1479 propria
1022 1390 1223 1458 dissertatio.

166 1493 208 1558 V.
232 1497 360 1558 Ferrea.
382 1496 584 1560 novissimae
606 1493 822 1578 adjectiones,

88 1595 268 1678 tirellum,
292 1619 324 1662 v.
342 1596 516 1683 peculium.

88 1699 227 1766 Locutio
259 1700 307 1764 ad
335 1701 511 1764 firmam.
561 1700 741 1766 Praedium
768 1721 829 1766 ssu
856 1700 936 1766 villa
964 1701 1062 1767 alteri
1091 1700 1222 1768 alocata

168 1804 231 1870 sub
254 1805 486 1892 praestatione
509 1824 618 1868 annua
640 1803 695 1869 vel
715 1823 825 1870 rerum
848 1802 892 1870 ad
914 1805 1036 1870 victum
1065 1824 1223 1870 neeessa-

166 1910 297 1972 riarum
319 1906 375 1972 vel
397 1906 539 1994 denique
559 1909 760 1994 pecuniaria.
804 1906 892 1972 Hinc
915 1907 1005 1974 datio
1029 1907 1073 1972 ad
1095 1908 1224 1972 firmam

167 2031 229 2095 pro
251 2016 438 2093 contractu,
462 2030 528 2094 quo
551 2011 614 2074 sub
637 2030 746 2078 annuo
769 2010 880 2076 reditu
901 2007 996 2076 fundi
1025 2009 1070 2074 ad
1092 2009 1223 2096 aliquot

169 2134 277 2180 annos
299 2112 493 2200 possidendi
514 2113 649 2180 dautur:
670 2114 794 2180 formes
813 2115 891 2200 jure
903 2113 1047 2200 Anglico
1071 2121 1105 2178 et
1118 2113 1223 2180 Ame-

169 2238 297 2284 noane.

241 2341 271 2386 c.
294 2321 344 2385 24.
366 2319 414 2386 Χ.
438 2319 480 2386 de
503 2320 618 2386 decim.
640 2319 699 2388 111.
721 2320 773 2388 30.

241 2425 376 2487 Bdlmer
397 2423 442 2488 ad
463 2423 495 2490 h.
516 2423 537 2488 l.
560 2429 627 2489 not.
650 2423 702 2488 41.

93 2523 173 2592 Loci
199 2525 489 2594 venerabiles.
535 2524 618 2592 Ood.
642 2527 749 2588 Theod.
779 2525 834 2592 lib.
855 2524 952 2593 XVI.
981 2528 1029 2592 tit-
1060 2526 1088 2592 5.
1112 2547 1138 2590 o.
1170 2525 1220 2590 54.

170 2627 200 2716 ξ.
223 2633 254 2696 1.
298 2633 429 2694 Dictaea
451 2651 477 2696 s.
499 2652 529 2694 v.
552 2627 765 2709 uenerabilis,
788 2638 865 2697 sunt
883 2627 1159 2697 xenodochia
1181 2662 1222 2674 -

172 2735 370 2820 peregrinis,

189 2837 544 2924 ptochotrophia,
567 2839 815 2908 nosocomia
835 2837 1051 2928 pauperibus,
1064 2837 1224 2924 aegrotis,

190 2939 589 3030 orphantotrophia
611 2943 718 3028 orbis,

188 3043 544 3132 brephotrophia
566 3045 759 3130 infantibus,

190 3150 516 3234 gerontocomia
539 3149 683 3216 senibus.

96 3245 221 3316 loculi.
245 3271 271 3315 o.
303 3249 334 3316 3.
362 3255 396 3315 in
425 3249 497 3317 V10.
527 3249 567 3316 V.
603 3253 652 3318 12.
681 3254 794 3316 varias
823 3251 927 3316 habet
955 3249 1224 3338 significationes,

176 3362 359 3442 propterea
396 3375 529 3441 quoque
560 3353 714 3420 Christus
755 3350 875 3422 dicitur
905 3352 1032 3418 looulos
1059 3351 1218 3421 habuisse

163 3461 289 3524 'Joonrt
319 3455 417 3526 XIII.
449 3459 499 3524 29.
528 3457 610 3523 XII.
641 3459 670 3523 6.
701 3479 726 3522 o.
752 3457 802 3523 17.
834 3451 871 3521 C.
900 3453 981 3523 XII.
1011 3479 1065 3543 qu.
1090 3457 1117 3519 1.
1147 3455 1225 3521 inde

176 3561 316 3628 ecclesia
340 3561 504 3629 derivavit
524 3565 770 3648 possessionem
791 3563 969 3648 pecuniae,
996 3559 1171 3645 quaejam
1191 3561 1225 3622 in

174 3663 321 3731 Decreto
341 3663 494 3732 Gratiani
524 3673 576 3731 est
598 3661 769 3748 concesso,
792 3684 893 3751 quum
912 3663 1073 3730 Dominus
1095 3659 1224 3726 loculos

173 3765 336 3836 habuerit.
360 3789 387 3832 c.
408 3771 458 3833 12.
482 3769 532 3832 17.
556 3767 593 3832 C.
615 3767 696 3836 XII.
719 3787 775 3853 qu.
800 3769 828 3831 1.

94 3861 335 3954 Locuplctauo
356 3871 485 3956 injure
507 3869 661 3935 Romano
691 3878 764 3935 erat
783 3871 867 3956 juris
891 3870 990 3954 aequi
1019 3871 1053 3931 in
1082 3867 1224 3954 quibus-

175 3973 251 4038 dam
274 3975 407 4046 cosibus
429 3976 547 4060 petitio
570 3973 626 4037 vel
647 3994 707 4060 per
731 3975 961 4060 exceptionem
982 3971 1038 4036 vel
1058 3991 1120 4056 per
1143 3991 1225 4035 oon·

178 4075 355 4143 dictionem
377 4075 568 4164 generalem
592 4085 626 4144 et
646 4075 826 4163 specialem
849 4073 1091 4164 persequenda.
1130 4073 1226 4152 Quae

101 4255 105 4258 .
176 4201 230 4246 res
254 4190 327 4246 erat
348 4181 536 4266 singularis,
558 4199 667 4268 neque
688 4201 749 4268 per
770 4177 920 4266 regulam
935 4180 1020 4264 juris
1045 4179 1225 4244 communis

177 4284 418 4368 oonmltnenda,
440 4303 559 4371 neque,
581 4291 619 4349 ut
641 4283 775 4370 quidem
796 4283 955 4348 neoterici
977 4280 1224 4368 explicant,¹ex

171 4407 247 4474 Jure
268 4397 416 4457 naturae.
