3108 5138
566 362 781 428 ..55-

143 537 180 626 b)
203 535 347 625 quilibet
376 537 448 602 dies
474 537 656 604 dominicus
686 556 779 604 more
813 545 982 624 veterum,
1014 545 1053 604 ut
1082 538 1241 604 observat

202 641 405 720 Quosnellus
428 641 470 706 de
485 642 612 726 jejunio
626 639 777 721 sabbati,
801 659 845 708 ex
867 663 934 728 que
950 663 1052 708 cause
1068 643 1138 710 dies
1150 639 1240 709 Sob-

200 745 273 810 bati
296 744 550 810 hebdomadalis
570 745 689 830 jejunii
711 752 795 809 eret

244 846 485 912 Ordinationes
505 847 581 911 idco
603 869 670 912 nou
692 847 799 913 solum
813 847 966 933 paschali
987 855 1155 934 tempore,
1178 849 1239 915 scd

200 949 355 1035 quolibet
377 948 431 1015 die
454 949 615 1016 dominico
636 951 709 1016 fieri
730 959 897 1036 poterent.

103 1051 301 1117 Dominium
324 1087 367 1100 ··-
389 1053 865 1119 bonorumeeclcsiosticorum
884 1073 988 1140 penes
1011 1053 1239 1122 ecclesiam

184 1164 244 1221 est.
288 1156 388 1226 Haec
410 1164 461 1222 est
483 1155 636 1221 doctrine
654 1155 888 1242 glossatorum.
911 1157 1014 1242 gloss.
1036 1157 1081 1222 ed
1103 1177 1130 1224 c
1153 1159 1183 1223 2.
1204 1160 1239 1222 in

182 1257 255 1325 v10.
277 1257 338 1324 ΠΙ.
363 1262 391 1324 9.

225 1359 297 1427 Sed
318 1381 427 1447 usqne
449 1359 493 1426 od
515 1359 720 1448 hectempus
744 1361 786 1427 de
808 1361 920 1429 heere
936 1363 1159 1450 disceptatum
1175 1372 1235 1431 est.

181 1468 337 1530 Benedict.
359 1461 457 1532 XIV.
488 1463 520 1530 d.
550 1486 577 1530 s.
600 1464 632 1529 d.
660 1464 717 1531 lib.
747 1464 821 1532 Vll.
853 1488 880 1532 c.
903 1467 932 1530 2.
969 1465 1010 1534 V.
1040 1467 1235 1554 compendio

178 1569 264 1655 juris
289 1588 385 1634 een.-

229 1671 434 1736 Distributio
457 1677 491 1736 et
521 1669 588 1736 clia
618 1670 794 1758 dispositio
824 1692 955 1759 semper
983 1674 1151 1759 episcopis
1180 1693 1237 1739 re-

181 1773 261 1838 licte
284 1784 369 1841 erat.
399 1775 551 1838 Benediot.
573 1775 670 1839 XIV.
694 1775 724 1839 d.
748 1797 774 1840 s.
796 1773 828 1842 d.
850 1775 904 1840 lib.
927 1775 986 1841 IV.
999 1796 1036 1841 c.
1059 1779 1089 1840 4.
1113 1773 1141 1860 fi.
1164 1777 1193 1841 1.

107 1875 273 1942 Dominus
296 1877 496 1942 vobiscum.
540 1877 733 1944 Desumitur
756 1900 800 1944 ex
821 1881 928 1944 veteri
950 1886 1166 1946 testamento:
1188 1881 1237 1944 sic

184 1980 309 2066 legitur
327 1983 427 2044 Bootz
450 1981 617 2046 salutasse
639 2002 806 2047 messores
818 2003 912 2048 suos:
932 1981 1015 2048 illud
1036 2003 1117 2047 vcro
1139 2017 1180 2028 -
1203 1989 1237 2049 et

186 2105 259 2148 oum
281 2087 402 2171 spiritu
424 2092 482 2149 tuo
505 2086 611 2149 oritur
634 2105 678 2148 cx
701 2084 845 2171 epistola
866 2089 960 2147 Pauli
974 2085 1018 2149 ed
1041 2087 1235 2147 Timetteom.

228 2185 478 2275 Episcopus
501 2194 614 2252 cutem
644 2207 717 2252 cum
745 2189 877 2272 primo
908 2188 1036 2252 salutet
1064 2187 1234 2274 populum,

184 2311 249 2354 non
270 2290 352 2356 dicit
372 2290 534 2354 Dominus
556 2289 739 2372 vobiscum,
761 2288 822 2354 sed
836 2311 906 2376 pax
922 2290 1030 2373 vobis,
1052 2291 1130 2376 quia
1151 2289 1235 2356 hoec

182 2392 246 2460 fuit
266 2395 377 2480 prima
399 2413 469 2456 vox
492 2390 618 2457 Christi
640 2391 684 2456 od
707 2391 887 2478 discipulos
909 2400 988 2479 post
1015 2395 1235 2459 resurrectio-

183 2517 266 2581 nem,
302 2531 344 2542 --
379 2515 460 2582 ergo
489 2499 528 2559 ut
556 2515 593 2561 ss
630 2493 787 2560 ostendet
824 2497 982 2560 vicarium
1013 2493 1156 2578 Christi,
1186 2497 1235 2560 sic

184 2599 272 2666 dicit.
315 2601 422 2665 Post
463 2619 545 2664 vero
583 2597 665 2662 dicit
701 2599 884 2682 „Dominus
911 2599 1094 2682 vobiscum,
1116 2603 1154 2664 ut
1186 2601 1234 2664 sic

183 2703 377 2776 ostendatur
401 2723 475 2768 eum
495 2701 634 2768 essedo
663 2719 800 2766 numero
831 2701 971 2769 eliorum
990 2700 1231 2769 sacerdotum

185 2806 226 2890 gl.
249 2806 296 2872 ad
318 2827 345 2872 c.
369 2807 418 2871 61.
442 2807 518 2872 dist.
543 2809 571 2871 1.
594 2804 637 2872 do
659 2813 844 2890 consecrat.

109 2904 316 2974 Dormitorio
337 2912 357 2974 ἱ.
380 2930 407 2974 e.
432 2907 651 2975 coemeteria.

224 3017 304 3096 Moy,
327 3011 455 3076 Archiv
466 3011 526 3077 Bd.
538 3011 563 3076 Ι.
587 3008 620 3076 S.
632 3011 673 3077 25
686 3012 720 3077 ff.
743 3013 987 3077 suntirnmunie
1010 3010 1096 3077 ideo.
1118 3011 1233 3076 Frcit-

183 3111 269 3199 hofe,
289 3115 375 3200 jetut
397 3114 569 3180 Friedhol.
612 3119 749 3198 Philum,
772 3114 953 3181 Lehrbuoh
976 3111 1009 3180 S.
1035 3115 1106 3179 708.

75 3262 78 3270 .
108 3213 282 3301 Dompnus
312 3253 353 3264 -
378 3217 518 3283 domnus
541 3253 582 3264 —
606 3217 761 3305 specialis
783 3225 835 3284 est
856 3216 978 3282 honor:

145 3317 177 3404 s)
199 3321 289 3408 opud
311 3321 472 3386 militares
502 3319 676 3407 religiosos
696 3320 786 3386 idem
807 3329 908 3406 atque
926 3318 1187 3387 commendator.

145 3420 179 3507 b)
200 3423 291 3512 apud
313 3424 489 3489 Doctores.

199 3526 325 3592 Videas
347 3526 547 3593 vocabulum
568 3525 686 3611 „Don“
709 3530 751 3590 dc
773 3528 882 3591 Fresne
911 3526 963 3593 ed.
986 3530 1132 3590 Hensotel
1153 3533 1231 3592 tom.

199 3630 241 3696 II.
262 3652 294 3716 p.
318 3632 390 3696 921.

146 3729 175 3815 c)
195 3733 286 3800 Inter
306 3733 487 3800 monachos
509 3733 573 3800 hoc
594 3734 725 3800 nomine
746 3733 838 3800 solus
861 3729 939 3800 olim
960 3733 1066 3798 obbas
1082 3732 1232 3798 vocaba-

199 3844 262 3904 tur.
285 3841 437 3904 Ttomoss.
459 3837 484 3901 Ι.
505 3837 561 3902 lib.
584 3837 613 3903 3.
643 3859 715 3925 cap.
737 3839 788 3903 66.
817 3839 945 3904 nonni
975 3835 1231 3922 appellabantur

200 3943 348 4006 seniores
364 3939 526 4021 monaehi
548 3959 686 4006 nonna
708 3940 798 4027 opud
820 3945 861 4003 du
873 3944 982 4004 mone
992 3941 1110 4006 forsan
1121 3959 1232 4007 nonne

200 4066 244 4110 ex
276 4044 391 4129 lingue
426 4043 586 4112 orientali.
630 4043 700 4111 Sed
721 4044 885 4111 vocabulo
919 4044 1089 4129 „nonnus“
1111 4045 1232 4132 appel-

201 4147 290 4212 letur
312 4149 462 4214 dominus
486 4170 513 4213 o
526 4149 575 4214 63.
598 4149 742 4234 regular.
757 4151 920 4214 Benedicti.

109 4243 271 4320 Dormire.
319 4251 386 4336 Qui
413 4254 447 4319 in
475 4253 598 4321 scholis
621 4252 806 4339 dormiunt,
835 4260 958 4321 nature
993 4253 1162 4343 postulet,
1191 4265 1230 4324 ut
