3088 5140
747 357 985 425 -172-

448 531 569 616 cavoa,
591 531 709 600 asara
731 488 773 600 aa
790 531 926 620 jejunas
949 529 976 618 ς.
1000 533 1029 598 1.

424 630 533 700 Statio
556 655 660 723 saepe
682 637 822 702 sumitur
841 656 903 723 pro
927 655 1091 702 concursu
1112 634 1227 724 populi
1249 635 1294 702 ad
1324 636 1453 704 eccle-

380 739 463 802 siam
484 737 654 823 indictam,
675 740 710 804 in
732 759 800 826 qua
822 741 920 804 statis
943 737 1062 805 diebus
1095 741 1266 825 processio
1290 737 1451 805 clerico-

377 861 451 936 rum
473 841 517 906 ad
540 847 648 909 statas
670 863 788 931 preces
810 841 983 909 faciendas
1007 841 1224 908 consistebat.
1530 835 1531 838 ’

293 940 574 1028 Stauropegium
597 979 639 994 -
660 945 861 1032 patriarchis
884 953 958 1011 erat
975 945 1051 1030 jus,
1082 944 1245 1032 quasdam
1273 948 1449 1030 regiones

378 1067 423 1112 ex
441 1047 673 1132 jurisdictione
692 1051 925 1136 episcoporum
946 1047 1114 1116 eximendi
1135 1056 1169 1112 et
1184 1048 1448 1134 quodammodo

378 1149 443 1216 sibi
464 1151 629 1218 retinendi
651 1186 693 1200 -
716 1151 870 1238 regiones
894 1158 1057 1218 axomtae.

449 1251 1181 1340 11111111111111.1113.

446 1359 537 1420 Potiti
554 1358 693 1445 jurispr.
714 1357 793 1426 eccl.
814 1365 893 1424 tom.
915 1355 958 1424 IL
981 1379 1036 1445 qu.
1056 1359 1106 1422 26.
1129 1377 1162 1444 p.
1185 1357 1257 1422 246.

363 1483 368 1494 ·
446 1463 584 1545 Moatra,
606 1459 665 1527 der
687 1461 817 1528 Primat
838 1461 898 1526 des
920 1461 1109 1526 riimiscban
1129 1459 1292 1526 Bischofs.

446 1567 573 1643 Piiltipr
595 1563 688 1629 elom.
706 1565 763 1648 jur
786 1561 867 1628 eccl.
888 1584 919 1650 p.
944 1563 1016 1630 216.

294 1664 453 1750 Stephon
475 1689 506 1732 v.
530 1671 675 1748 Toumuy
696 1664 930 1732 Schaitlarner
950 1663 1180 1732 Handschrift
1217 1665 1274 1732 VI.
1295 1674 1383 1732 tom.
1406 1670 1444 1731 in
1530 1695 1531 1738 r

378 1772 470 1848 Mop’a
492 1769 621 1856 epham.
644 1791 676 1856 p.
700 1769 751 1834 13.
1530 1799 1531 1830 i

422 1870 670 1959 Scripturarum
682 1871 888 1939 consuetudo
903 1871 1025 1938 librum
1034 1873 1135 1939 istum
1147 1875 1182 1936 in
1197 1852 1442 1958 q'uatuorpar-
1530 1929 1531 1960 ἒ

378 1984 431 2043 tes
440 1975 622 2062 distinguit,
640 1995 780 2061 quarum
794 1996 1061 2062 unamquamque
1077 1983 1232 2061 quartam
1246 1974 1439 2062 appellant,

378 2089 412 2147 et
434 2078 567 2166 quidem
589 2099 610 2143 a
631 2081 793 2166 principio
815 2100 923 2166 usque
945 2079 989 2144 ad
1011 2082 1151 2166 primam
1174 2099 1319 2162 causam,
1343 2100 1440 2164 quae

377 2191 429 2250 est
451 2183 493 2248 de
516 2184 712 2265 simoniacis,
735 2180 959 2248 secunduma
988 2184 1096 2268 prima
1119 2201 1222 2246 causa
1249 2201 1358 2266 usque
1392 2183 1440 2247 ad

376 2289 512 2352 tertiam
534 2285 705 2361 decimam,
729 2306 815 2370 quae
832 2286 953 2370 incipit=
969 2283 1272 2368 „dioecesani“‚
1294 2286 1439 2349 tertiam

377 2389 420 2454 ab
452 2410 492 2455 ea
522 2409 629 2473 usque
660 2387 705 2452 ad
733 2385 904 2470 XXVII.‚
938 2408 1026 2473 quaa
1059 2394 1112 2452 est
1139 2386 1181 2452 de
1210 2389 1436 2471 matrimonio,

378 2500 568 2578 quoniame
590 2489 743 2557 XXVII.
764 2509 872 2576 usque
894 2487 939 2553 ad
960 2491 1060 2554 finem
1080 2489 1157 2554 libri
1178 2498 1314 2576 ponunt.
1529 2577 1530 2582 ἵ

292 2593 562 2678 Siarquiiiuium
584 2629 624 2642 -·
653 2593 845 2678 Religiosus
875 2627 917 2640 ·-
941 2593 1027 2676 „viu
1057 2591 1237 2678 specialem
1263 2595 1437 2660 notionem
1529 2587 1530 2630 1

376 2697 587 2784 religionis“;
600 2699 922 2784 proprietarius
945 2695 1040 2782 (voto
1056 2694 1214 2781 infidelis)
1227 2703 1279 2764 est
1295 2699 1330 2762 in
1342 2703 1437 2762 ster-

378 2801 514 2887 quilinio
537 2800 760 2887 sepeliendus.

450 2903 502 2970 Gl.
525 2904 569 2968 ad
593 2925 620 2969 c.
641 2925 694 2969 un.
715 2908 831 2967 Joaan.
853 2903 973 2970 XXII.
996 2905 1045 2968 tit.
1070 2905 1120 2969 10.

420 3010 460 3074 In
487 3007 692 3074 Londinensi
722 3006 861 3073 concilio
892 3027 979 3073 anno
1011 3006 1104 3072 1075.
1138 3005 1201 3071 sub
1235 3003 1435 3092 archiepisc.

378 3111 570 3178 Lanfranco
594 3113 821 3178 communione
844 3113 944 3176 etiam
973 3117 1074 3196 post
1102 3115 1281 3175 mortem
1311 3114 1347 3173 ct
1375 3129 1435 3174 se-

377 3216 534 3302 pulturae
552 3216 629 3302 juro
650 3215 786 3302 spoliati
804 3221 881 3280 sunt
903 3211 1054 3279 monachi
1072 3213 1287 3298 proprietarii
1310 3221 1347 3279 et
1366 3215 1434 3276 im-
1528 3271 1529 3310 p

378 3325 543 3405 potentes.
1528 3317 1529 3338 ¹

448 3425 602 3486 Thamara.
623 3423 651 3488 1.
671 3421 730 3488 lib.
754 3423 781 3486 1.
803 3442 831 3487 o.
854 3423 904 3486 21.

292 3524 428 3608 stigma
451 3559 492 3572 -
516 3547 559 3590 ex
582 3528 752 3612 stigmate,
776 3524 867 3611 quod
888 3520 1133 3589 fabriccnsibus
1145 3523 1277 3610 inprimi
1299 3522 1431 3589 solet:

377 3629 569 3694 latitans
592 3629 791 3694 fabricensis
814 3630 1017 3712 agnoscitur.
1040 3647 1067 3691 c.
1081 3627 1129 3690 12.
1152 3624 1268 3691 invit.
1292 3625 1432 3692 desent

379 3752 539 3797 excomm.
561 3730 601 3796 V.
624 3731 833 3797 fabricensis.

291 3834 394 3899 stilla
417 3837 588 3920 sanguinis
611 3837 631 3899 i.
655 3854 682 3900 o.
706 3833 842 3898 Christi.
864 3839 1025 3895 Astacenus
1041 3841 1111 3896 can.
1133 3833 1315 3918 poenitent.
1338 3831 1357 3918 fi
1378 3834 1430 3896 40.
1527 3859 1528 3868 ¹

291 3936 409 4022 Stipes
432 3946 484 4003 est
505 3938 562 4003 illa
584 3958 742 4024 persona,
766 3958 787 4001 a
809 3957 877 4024 qua
899 3936 985 4002 aliae
1008 3955 1190 4022 personae,
1224 3934 1267 4000 de
1288 3956 1432 4021 quarum

376 4043 574 4126 cognatione
596 4048 772 4121 tractatur,
796 4040 921 4105 carnali
943 4041 1188 4126 propagatione
1211 4037 1430 4106 descendunt.

419 4145 458 4209 In
480 4143 567 4209 linea
589 4143 809 4210 transversali
827 4145 898 4229 J'am
913 4146 947 4207 in
964 4143 1108 4208 Decreto
1132 4162 1159 4206 c.
1169 4143 1197 4205 2.
1221 4139 1258 4206 C.
1271 4141 1431 4208 XXXV.

378 4269 433 4332 uu·
457 4248 485 4311 ⁵·
861 4321 874 4336 .
1286 4317 1294 4337 .

420 4348 633 4438 Computatio
663 4373 729 4418 non
756 4351 822 4418 fuit
847 4351 925 4438 jure
951 4349 1039 4416 civili
1068 4351 1236 4438 perfecta,
1267 4348 1326 4418 sed
1351 4348 1429 4435 jure
1526 4419 1527 4444 χ
