3088 5140
577 369 813 440 -161—

225 541 377 633 Ideoque
406 543 489 612 haec
511 548 678 612 restitutio
709 554 761 614 est
790 549 877 612 actio
908 545 951 611 ad
982 566 1079 614 omne
1109 545 1263 614 damnum

225 649 474 714 resarciendum
496 651 530 712 in
551 649 758 715 restituenda
779 652 993 736 possessione
1015 653 1098 737 ipsa.
1128 653 1264 714 Roschirt

228 755 263 816 in
285 751 392 816 Linde
415 751 614 838 ephemerid.
637 751 701 817 vol.
723 752 820 818 XVI.
842 751 947 837 (nov.)

108 854 315 922 Resiriello
338 854 491 920 mentalis
514 855 548 918 in
566 854 757 939 juramento
779 855 814 919 id
837 855 957 940 efficit,
981 863 1018 921 ut
1047 857 1146 924 homo
1168 857 1265 923 frau-

213 959 352 1024 dulosus
376 979 420 1024 ex
441 959 590 1044 perjurio
613 959 797 1045 puniendus
821 959 872 1025 sit.

111 1061 391 1145 Retribuliones
414 1082 528 1128 sex-
543 1069 620 1127 sunt
641 1065 805 1148 principia
816 1062 965 1148 moralia,
989 1085 1015 1130 c.
1027 1067 1055 1130 1.
1079 1062 1265 1132 QXXIH.

214 1189 268 1253 qu.
291 1165 320 1232 3.

259 1267 328 1334 Sex
352 1270 436 1334 enim
460 1268 667 1335 differentiae
682 1277 774 1335 sunt:
798 1269 940 1336 reddere
963 1270 1052 1335 bona
1073 1291 1135 1358 pro
1159 1271 1265 1356 malis,

213 1393 279 1437 non
301 1371 444 1438 reddere
465 1372 554 1436 mala
576 1393 638 1458 pro
662 1372 774 1456 malis3
798 1373 882 1438 haec
898 1372 963 1438 duo
985 1375 1148 1440 bonorum
1171 1381 1248 1439 sunt
1256 1398 1265 1457 3

213 1495 280 1540 uon
302 1475 445 1542 reddere
466 1476 556 1540 bona
584 1497 646 1562 pro
669 1475 775 1561 bonis,
799 1475 940 1542 reddere
963 1475 1051 1540 mala
1073 1497 1135 1564 pro
1158 1477 1265 1553 bonis,

214 1579 298 1644 haec
321 1579 386 1644 duo
401 1579 563 1645 malorum
582 1587 675 1663 aunt3
696 1578 837 1645 reddere
853 1579 941 1644 bona
963 1601 1025 1666 pro
1048 1579 1156 1660 bonis,
1177 1580 1266 1644 mala

212 1703 276 1768 pro
299 1681 411 1766 malie,
442 1681 526 1755 haec
548 1682 614 1748 duo
634 1683 847 1750 mediocrium
870 1689 956 1766 sunt,
988 1686 1067 1769 quia
1089 1691 1123 1750 et
1145 1683 1268 1752 ethnici

213 1785 278 1850 hoc
299 1786 434 1852 faciunt.
458 1783 681 1869 (supertiam).

116 1888 357 1954 Reverendao
379 1923 420 1936 -
444 1897 522 1955 sunt
552 1889 767 1956 dimissoriae.
814 1886 915 1956 Cone.
939 1888 1031 1955 Trid.
1056 1886 1147 1956 Sess.
1171 1892 1200 1956 7.
1224 1889 1266 1956 de

204 1991 273 2057 ref.
297 2011 324 2056 c.
348 1994 397 2058 10.

117 2092 317 2176 Riganiius
348 2093 391 2159 ad
420 2093 556 2181 regulas
588 2093 816 2161 cancellariae.
867 2094 960 2168 Illius
991 2115 1076 2182 opus
1105 2103 1157 2160 est
1186 2116 1267 2182 per-

213 2198 441 2283 lectissimum,
466 2205 500 2265 et
521 2199 608 2266 adeo
635 2201 669 2263 in
691 2197 799 2263 indice
830 2197 1113 2264 absolutissimum
1136 2233 1177 2245 -
1201 2219 1267 2266 non

214 2301 321 2366 solum
343 2295 477 2388 corpori
494 2303 582 2387 juris
608 2301 768 2368 Canonici
803 2303 933 2366 omniuo
966 2303 1171 2388 proximum,
1206 2301 1267 2372 sed

215 2411 250 2469 et
270 2404 350 2489 tale,
372 2427 438 2492 quo
460 2406 609 2471 homines
633 2405 724 2470 docti
739 2407 779 2497 in
800 2408 953 2490 vigentes
977 2405 1138 2472 ecelesiae
1161 2425 1268 2473 cano-²

212 2529 272 2574 nes
303 2515 338 2574 et
366 2511 400 2574 in
432 2507 642 2574 literaturam
671 2510 879 2600 scriptaque¹
893 2515 1084 2576 nostrorum
1103 2505 1268 2577 'introdu-

219 2619 346 2678 cantur.

118 2712 370 2799 Rigor-ismae
387 2737 418 2779 v.
430 2713 704 2800 Probabilismus,
729 2722 763 2782 et
775 2715 884 2782 annal.
891 2717 957 2802 jur.
976 2717 1093 2803 pontif.
1115 2716 1268 2784 seizidme

212 2817 338 2884 livrais.

120 2918 346 3002 Bitonomia,
376 2921 601 2988 aeclesiastica
635 2921 808 3009 disciplina
845 2925 976 2990 rituum.
1031 2921 1202 3012 (Corresp.
1226 2921 1268 2990 de

214 3023 331 3108 Rome,
357 3024 449 3090 1860.
471 3023 512 3088 N.
530 3022 618 3108 103.)
699 3035 703 3044 '

120 3124 242 3206 Rima,
264 3148 296 3192 v.
317 3125 464 3213 liturgia.

256 3228 383 3296 Exstat
395 3233 533 3317 propria
550 3235 766 3318 congregatio
785 3230 819 3299 S.
832 3229 866 3298 S.
881 3231 1106 3316 cardinalium,
1121 3231 1211 3318 quod
1224 3232 1269 3298 ad

212 3334 295 3398 ritus
319 3335 446 3398 attinet.

255 3433 297 3502 V.
320 3434 457 3502 decreta
478 3457 597 3503 sacrae
607 3440 728 3504 rituum
741 3439 1010 3524 congregationis
1032 3440 1121 3504 notis
1149 3435 1268 3504 illustr.

216 3541 251 3604 in
273 3545 352 3604 tom.
375 3537 434 3604 ult.
458 3561 548 3627 oper.
571 3542 693 3604 Ferrar.
717 3544 808 3603 Nillcr
829 3544 863 3606 in
886 3541 1013 3628 ephem.
1034 3543 1112 3622 Moy.

119 3641 233 3710 Ritus
250 3642 373 3708 diversi
386 3643 548 3710 ecclesiae
561 3643 766 3710 Catholicae.
783 3641 861 3725 ¹Sub
873 3647 956 3710 ritus
969 3645 1098 3712 nomine
1112 3642 1269 3730 intelligi·

212 3766 286 3810 mus
309 3745 594 3833 disciplinam
617 3748 778 3815 ecclesiae
801 3751 1002 3814 auctoritate
1023 3745 1204 3814 stabilitam
1214 3747 1270 3813 vel

213 3869 278 3914 usu
308 3857 342 3915 et
373 3849 611 3923 consuetudine
631 3851 748 3916 eadem
777 3853 978 3918 auctoritate
1008 3836 1276 3938 comprobatam?

218 3953 317 4018 Ritus
341 3973 482 4039 graecus
507 3961 541 4020 et
562 3954 701 4020 latinus:
724 3955 905 4040 orientalis,
940 3953 1164 4027 occidentalis.
1209 3955 1269 4016 Leo

212 4058 345 4118 Atlattra
367 4057 409 4122 dc
427 4055 507 4122 Ecc.
520 4056 633 4124 Occid.
657 4067 691 4124 et
714 4056 841 4125 Orient.
863 4065 1028 4146 perpetua
1041 4060 1269 4124 consensione.

214 4161 396 4222 Benedictus
418 4158 514 4226 XIV.
545 4163 664 4248 recipit
686 4171 830 4247 quatuor
849 4163 933 4226 ritus
965 4160 1125 4228 eeclesiae
1158 4163 1269 4226 orien-
1317 4234 1326 4244 ι

212 4260 293 4327 talis
317 4297 358 4311 -
381 4256 536 4349 graecae,
561 4266 737 4348 armeniae,
761 4267 872 4350 syriae
896 4271 928 4328 et
951 4268 1110 4351 coptieae.
1137 4269 1269 4343 Harpen-

211 4368 315 4428 ro‘ttcr
336 4385 418 4434 vero
441 4387 504 4433 sex
519 4369 553 4432 in
575 4367 705 4433 dissert.
729 4366 866 4433 Archiv.
880 4367 1131 4434 coclearecent.
1154 4374 1232 4430 tom.
1244 4365 1269 4453 Ι.
