3108 5138
585 361 798 432 ...29-

118 538 231 603 ceiia.
254 535 380 603 cellula.
424 537 564 604 Fratres
589 538 750 623 degentes
771 539 805 601 in
835 535 919 602 cella
947 555 1013 601 non
1035 543 1176 622 possunt
1198 558 1261 604 ex-

212 643 447 706 communicari
467 641 523 705 vel
545 640 705 726 suspendi
726 639 781 704 vel
802 639 954 704 interdici
976 641 1039 705 nisi
1061 658 1186 726 apapa
1207 639 1262 705 vel

209 745 282 828 ejus
303 743 429 829 legato.
451 766 477 808 c.
501 745 530 808 4.
553 743 600 808 Χ.
629 742 672 808 de
693 741 733 807 V.
757 739 791 808 S.
814 741 854 806 V.
879 744 928 805 12.
975 740 1123 808 Cellulas
1147 743 1262 808 diver-

209 867 266 912 sas
289 853 347 910 aut
368 847 466 933 plura
481 849 685 912 monasteria
705 844 832 911 habere
854 845 971 911 abbati
992 866 1058 910 non
1072 845 1160 911 licet.
1183 865 1209 910 c.
1232 845 1261 911 3.

210 949 247 1015 C.
270 949 356 1016 XX.
380 971 435 1036 qu.
458 953 488 1014 4.

120 1055 287 1118 Censura
309 1089 350 1100 -
374 1056 548 1133 correctio,
568 1055 706 1138 punitio.
730 1075 761 1116 v.
783 1055 867 1116 Fara·

120 1157 263 1222 Census
281 1154 459 1242 impositus
482 1177 508 1220 c.
532 1155 560 1220 5.
581 1155 631 1222 13.
647 1156 697 1222 23.
719 1155 766 1220 X.
782 1155 824 1220 de
847 1175 934 1220 cens.
950 1153 1009 1222 III.
1025 1155 1077 1222 39.
1098 1177 1129 1220 u.
1145 1153 1263 1221 cathe-

212 1261 385 1342 draticum,
407 1259 578 1322 tributum.

120 1365 263 1429 census
284 1362 418 1427 realis
431 1359 677 1446 (chtenkauf)
692 1361 802 1428 licitus
816 1370 868 1427 est
884 1365 1078 1428 etimmunis
1095 1361 1138 1427 ab
1149 1383 1262 1446 usura,

209 1487 286 1532 nam
307 1463 463 1531 venditur
476 1472 510 1528 et
524 1467 642 1529 emitur
661 1466 717 1550 jus
734 1465 939 1552 percipiendi
950 1474 1081 1552 partem
1095 1465 1263 1530 fructuum

210 1589 255 1635 ex
278 1568 387 1633 alieno
409 1567 530 1632 fundo:
551 1589 638 1654 quae
660 1569 828 1633 fructuum
851 1571 963 1654 portio
987 1576 1039 1634 est
1061 1571 1178 1654 pensio
1192 1571 1263 1634 sin-

211 1672 302 1859 guli}
327 1674 422 1737 annis
451 1671 621 1738 solvenda.
665 1675 779 1737 ames.
807 1669 903 1737 XIV.
934 1671 965 1736 d.
987 1692 1014 1737 s.
1037 1671 1067 1735 d.
1096 1672 1153 1737 lib.
1176 1674 1206 1736 7.
1236 1694 1262 1737 c.

210 1777 263 1841 48.
304 1823 312 1839 .
334 1775 385 1840 54.

123 1879 266 1963 cephas
296 1873 417 1942 dicitur
448 1884 590 1964 caput.
620 1877 664 1964 gl.
685 1877 731 1943 ad
754 1901 780 1944 c.
805 1880 832 1943 1.
862 1884 991 1944 extrav.
1020 1899 1135 1944 comm,
1155 1877 1211 1943 lib.
1234 1877 1262 1942 5.

215 1982 258 2047 dc
279 1985 403 2068 poenit.

123 2090 262 2153 Cereus
283 2085 452 2172 paschalis
476 2121 518 2134 —
539 2107 617 2150 num
638 2085 854 2157 benedicatur
870 2088 968 2172 quasi
989 2083 1131 2153 utensile
1154 2084 1264 2152 aecle-

214 2189 310 2255 siae?
334 2193 488 2254 Ttomoca.
511 2211 537 2256 s.
557 2189 588 2254 h.
611 2213 642 2256 v.

123 2297 272 2359 Certusr
315 2294 354 2358 In
376 2295 433 2379 qui
456 2301 566 2360 certus
597 2301 659 2374 est,
683 2297 856 2360 certiorari
887 2293 1027 2360 ulterius
1049 2300 1260 2380 conpotem,

213 2419 284 2482 rag.
307 2397 357 2461 31.
379 2397 414 2461 in
434 2395 508 2461 v1.⁰

124 2503 303 2567 cessante
325 2502 528 2566 necessitate
565 2499 667 2566 debet
699 2520 834 2566 cessare
864 2499 1077 2586 dispensatio.
1111 2521 1142 2564 v.
1175 2499 1266 2564 dis·

211 2605 425 2692 pensatio.

228 2707 332 2773 Aliud
366 2710 452 2773 enim
475 2715 543 2785 est,
567 2706 658 2793 quod
686 2707 833 2792 legitime
856 2715 890 2773 et
919 2705 1057 2791 dejure
1087 2706 1143 2790 fit,
1174 2705 1266 2771 aliud

218 2811 442 2897 dispensatio:
463 2831 540 2875 nam
551 2831 616 2876 non
630 2831 806 2896 possumus
821 2809 931 2875 dicere
947 2818 1122 2892 „cessante
1136 2811 1266 2874 ratione

213 2914 300 3000 legis
324 2921 436 2982 cessat
457 2914 515 3010 lex
536 2913 632 3001 ipsa“
656 2913 699 3000 gl.
722 2913 767 2978 ad
790 2935 814 2979 c
839 2915 868 2978 ’1.
892 2911 930 2980 (1.
952 2913 978 2978 Ι.
1000 2935 1055 2999 qu.
1077 2915 1106 2976 7.

125 3015 288 3082 cessatio
312 3035 333 3082 a
356 3015 483 3082 divinis
505 3038 571 3082 non
593 3016 696 3083 habet
716 3020 783 3081 vim
804 3015 982 3082 interdicti.
1005 3015 1048 3102 gl.
1072 3015 1115 3082 ad
1137 3038 1163 3081 c.
1182 3017 1209 3080 1.
1232 3017 1267 3079 in

213 3119 289 3186 VL⁰
310 3120 335 3186 L
359 3122 409 3186 16.
1257 3147 1261 3154 ·

126 3225 324 3290 character
345 3224 503 3310 baptismi
523 3224 567 3290 ab
589 3223 765 3290 haereticis
788 3221 901 3289 collati
911 3221 1074 3310 probatur
1097 3220 1267 3288 eeclesiae.

216 3349 244 3394 c.
267 3330 317 3392 12.
337 3327 414 3394 dist.
435 3330 465 3392 4.

128 3430 295 3498 Charitas
317 3455 347 3496 v.
368 3433 463 3496 Fides.

129 3535 389 3602 Gharitativunr
412 3545 464 3602 cst
484 3537 616 3602 exactio
639 3537 882 3622 episcoporum.

128 3639 457 3726 Ghartophilacium
480 3643 500 3704 i.
522 3660 549 3705 e.
577 3638 769 3704 Archivum.
801 3658 827 3702 c.
851 3639 879 3702 1.
901 3637 948 3703 X.
971 3635 1013 3703 de
1035 3635 1131 3722 prob.
1152 3634 1193 3701 11.
1217 3637 1269 3718 19,

211 3747 398 3809 vau‘arane.

129 3847 384 3933 Chartophilar
406 3883 447 3894 -
472 3845 709 3913 Cancellarius.
731 3849 913 3926 Frettarper
923 3847 1063 3908 Lecicoa.

128 3950 349 4033 chirotecae,
371 3952 491 4038 quibus
516 3952 665 4038 episcopi
686 3952 720 4014 in
749 3951 854 4014 sacris
876 3947 1020 4034 liturgiis
1050 3969 1091 4012 ac
1119 3967 1269 4012 ceremo-

217 4058 281 4120 niis
303 4061 450 4139 utuntm,
474 4075 615 4140 quarum
637 4055 738 4118 etiam
758 4072 855 4118 usum
884 4051 1075 4116 Abbatibus
1105 4049 1270 4116 interdum

219 4179 416 4224 concessere
439 4159 560 4223 summi
577 4157 762 4243 pontifices.
805 4157 859 4221 De
881 4157 1080 4240 antiquitate
1103 4153 1270 4219 chirothe-

219 4283 331 4328 carum
362 4261 490 4329 erudite
519 4262 668 4347 disputat
697 4264 791 4324 Bona
812 4262 860 4326 rei
887 4259 999 4344 liturg.
1027 4257 1083 4324 lib.
1109 4261 1138 4324 1.
1168 4277 1195 4323 c.
1219 4257 1270 4321 24.

219 4363 248 4452 g.
260 4367 321 4431 ῑ12ι
337 4373 379 4432 et
401 4369 547 4430 Robntaa
569 4368 647 4429 Sota
667 4367 701 4429 in
719 4367 812 4432 notis
836 4363 884 4432 ad
903 4363 997 4430 eund.
