3088 5140
517 345 756 462 -raoss

273 567 446 649 avaritias,

273 668 447 752 mendacii,

277 771 504 855 detractionis,

274 875 551 940 murmurationis.
595 873 636 940 V.
658 875 835 940 Fontaatnt.

75 975 240 1042 visitator
264 977 320 1042 vel
341 980 556 1062 interventor,
580 981 637 1064 qui
659 977 827 1063 quondam
845 977 1006 1043 eeclesias
1023 977 1207 1044 cathedrali

151 1081 288 1145 vacanti
311 1078 409 1144 datur
432 1079 476 1144 ad
499 1083 691 1167 episcopum
714 1078 911 1164 eligendum.
932 1079 1121 1167 Episcopus
1133 1083 1207 1167 ipse

154 1189 272 1270 potest
292 1183 429 1248 visitare
459 1181 595 1249 Clarum
624 1189 660 1248 et
681 1181 815 1248 Laicos.
858 1181 1012 1269 Denique
1043 1189 1096 1248 est
1122 1185 1208 1249 visi-

153 1288 236 1350 tatio
253 1284 406 1349 -liminum
428 1283 679 1372 Apostolorum.

78 1385 242 1454 visitandi
269 1387 326 1473 jus
350 1389 579 1474 episcoporum
608 1390 643 1453 in
666 1391 786 1474 specie.
831 1387 894 1455 Jus
918 1387 1151 1455 dioecesanum
1173 1392 1208 1454 in

155 1491 219 1557 hac
240 1511 290 1558 ro.
333 1489 398 1556 Hic
421 1498 474 1556 est
494 1490 587 1557 locus
617 1491 722 1556 verba
743 1489 890 1556 faciendi
920 1490 962 1557 de
992 1489 1206 1558 celeberrimo

156 1616 259 1682 opero
280 1597 393 1658 Bemd.
415 1592 514 1660 XIV.
537 1593 579 1659 ds
608 1593 737 1679 synodo
768 1593 977 1660 dioecesana.
1021 1593 1095 1661 ICti
1118 1594 1208 1662 Ger·

154 1717 327 1764 manorum
350 1696 556 1763 solummodo
579 1704 734 1783 spectant
763 1695 808 1762 ad
834 1696 925 1762 illam
943 1697 1207 1782 J'urisdictionem

156 1799 320 1868 ecelesiae
341 1803 375 1866 in
397 1799 506 1866 medio
532 1819 628 1879 aevo,
649 1803 684 1864 in
707 1821 774 1887 qua
796 1799 960 1886 quaedam
979 1802 1206 1870 institutiones

153 1905 236 1989 juris
262 1903 443 1970 saecularis
459 1903 745 1988 conjungebantur
768 1925 842 1970 cum
852 1901 1084 1990 jurisdictione
1097 1903 1208 1980 scole-

157 2009 305 2090 siastica,
328 2027 356 2072 e.
378 2027 411 2092 g.
432 2009 519 2070 Doce
538 2007 573 2072 in
595 2005 722 2092 epham.
744 2009 905 2092 aarum,
927 2015 1005 2072 tom.
1015 2005 1123 2090 XIV,
1146 2003 1208 2073 sed

161 2113 270 2196 magis
302 2130 346 2176 ex
374 2107 514 2176 historia
549 2110 632 2193 juris
663 2109 892 2176 ecclesiastica
919 2130 974 2176 res
1002 2108 1207 2176 conficienda

159 2220 239 2298 erat,
263 2220 301 2278 ut
322 2213 506 2298 inscriptis
523 2215 721 2296 Ttomaaaa'nt,
745 2219 779 2278 et
799 2211 1046 2278 inbiblictheoa
1068 2196 1207 2276 Ferraria

158 2323 191 2382 et
211 2317 395 2403 praecipue
424 2317 459 2379 in
488 2335 590 2402 opere
619 2317 772 2378 Beaedtctt
791 2314 889 2382 XIV.
920 2315 1115 2404 explicitum
1146 2324 1206 2382 est

156 2419 310 2486 Discerni
346 2417 470 2485 debent
506 2419 618 2484 officia
656 2420 807 2506 episcopi
837 2422 877 2514 'in
914 2439 1058 2504 genere,
1098 2427 1132 2484 et
1173 2421 1207 2484 in

157 2526 279 2608 speeie,
303 2541 390 2607 quae
412 2524 446 2585 in
467 2521 595 2607 synodo
627 2521 825 2588 dieeemana
854 2529 1050 2588 tractantur.
1094 2519 1207 2587 Juris-

157 2625 335 2690 dictionem
362 2624 466 2689 habet
496 2626 691 2711 episcopus:
725 2623 883 2710 puniendi
910 2625 985 2690 finis
1014 2626 1049 2689 in
1077 2623 1206 2709 synodo

157 2726 355 2794 dioecesana
378 2734 412 2793 et
433 2729 624 2793 visitatione
644 2727 711 2793 ndn
728 2726 920 2808 intenditur,
943 2725 1004 2794 sed
1016 2725 1208 2813 porrigendi

157 2837 189 2897 et
210 2829 378 2896 salutares
391 2831 615 2918 poenitentias
627 2829 830 2920 injungendi.
851 2831 905 2896 Ita
922 2832 1001 2917 jura
1026 2829 1208 2921 singularia

158 2937 390 3022 episcoporum
414 2931 632 2999 discernenda
655 2941 740 2999 sunt.
783 2933 975 3020 Episcopus
998 2933 1119 3018 docet,
1143 2936 1207 2997 mi·
1301 2956 1305 2961 ’

157 3039 261 3104 nister
283 3045 336 3103 est
358 3039 500 3102 omnium
522 3043 816 3120 sacramentorum,
840 3043 874 3102 ot
894 3036 997 3102 habet
1025 3035 1209 3123 plenitudi-

158 3162 232 3206 nem
263 3139 403 3206 ordinis:
433 3139 496 3205 sed
525 3161 587 3226 per
617 3141 864 3205 concessionem
892 3139 1059 3226 pontificis
1089 3141 1207 3204 summi

158 3262 291 3331 quoque
301 3263 428 3310 omnem
432 3242 698 3326 jurisdictionem
705 3244 739 3306 in
747 3262 808 3308 suo
823 3243 991 3307 territorio
1000 3241 1206 3328 possidet,in

155 3353 297 3433 utraque
324 3365 362 3411 re
392 3383 430 3398 -
461 3346 674 3411 reservandis
703 3347 896 3411 reservatis.
947 3344 1144 3411 Jurisdiotio
1171 3345 1207 3408 in
1265 3379 1268 3384 ·

158 3471 257 3516 sensu
278 3447 391 3514 latiori
413 3456 465 3514 est
486 3455 639 3535 potestas
663 3448 835 3533 eeclesias,
858 3457 892 3515 et
906 3451 1057 3516 consistit
1077 3451 1111 3512 in
1131 3447 1208 3532 legs

157 3553 311 3635 ferenda,
335 3551 481 3618 conciliis
505 3552 740 3636 convocandis,
768 3551 927 3618 visitandi
957 3559 991 3618 et
1020 3549 1208 3636 corrigendi

158 3657 330 3740 facultate,
353 3664 386 3723 et
407 3663 478 3721 tum
501 3664 553 3722 est
565 3655 755 3742 jurisdictio
776 3657 810 3720 in
833 3675 932 3722 sensu
944 3651 1090 3742 speciali,
1116 3651 1206 3740 quod

159 3763 277 3826 attinet
289 3761 417 3846 adjura
430 3767 464 3825 et
474 3759 644 3843 beneficia,
669 3758 877 3847 disciplinam
889 3765 922 3825 et
932 3752 1106 3844 imperium
1123 3776 1208 3843 poe-

163 3884 223 3929 nae
245 3862 417 3929 inferendi.
463 3859 499 3929 Si
518 3865 695 3949 episcopus
714 3863 792 3948 'jure
814 3865 918 3928 utitur
938 3859 1105 3944 visitandi,
1129 3879 1208 3924 cor-

156 3968 235 4052 rigit
257 3985 402 4054 quoque,
422 3967 485 4033 sed
500 3965 706 4032 solummodo
729 3969 763 4031 in
785 3967 859 4031 foro
881 3968 1021 4030 interno.
1065 3964 1209 4030 Praete-

73 4091 78 4104 ·
159 4089 217 4135 rea
239 4072 311 4156 ojus
343 4071 454 4136 officia
483 4073 517 4136 in
547 4069 736 4136 exercenda
754 4071 955 4136 'visitatione
985 4074 1140 4155 spectant
1163 4065 1208 4132 ad

162 4176 279 4258 omnia,
302 4194 390 4261 quas
412 4171 644 4240 desiderantur
665 4175 700 4238 in
716 4179 808 4239 statu
821 4172 998 4239 ecclesias:
1028 4173 1205 4257 episcopus

159 4278 271 4343 visitat
294 4277 535 4362 cancellarium,
559 4277 739 4366 capitulum
762 4284 796 4344 et
818 4277 1006 4361 canonicos,
1029 4273 1207 4362 parochos,

158 4381 317 4450 vicarium
337 4383 521 4469 foraneum,
544 4383 762 4470 presbyteros
785 4387 819 4446 et
832 4379 983 4464 clericos,
1007 4377 1207 4464 Regularee,
