3108 5138
836 347 879 424 ri

286 530 425 594 nitatem
447 507 709 591 eeclesiasticam
730 503 831 590 valde
850 498 1094 612 locupletatani
1113 523 1188 592 e'ss'e
1203 521 1299 592 novis
1321 499 1429 592 voca·
1531 587 1533 594 Α

286 647 385 731 bulis,
408 663 516 733 nequa
538 665 621 712 vero
636 647 819 712 recessisse
835 663 879 711 ex
901 665 965 711 usu
981 653 1140 712 consueto
1153 621 1287 733 linguae
1301 641 1428 714 latinae

291 773 326 835 et
349 768 595 834 constructione
629 764 852 832 Classicorum
874 799 916 813 ·-
939 765 1030 852 quod
1059 763 1240 854 praecipue
1270 761 1429 854 compro-¹
1539 833 1541 864 ἑ

287 889 403 956 batum
431 885 561 954 videbis
593 887 883 953 constitutionibus
913 887 995 974 ipsis
1034 894 1068 952 et
1093 885 1192 953 bullis
1226 885 1429 953 Pontificum
1540 891 1541 894 ’

288 997 523 1078 Romanorum.

374 1125 457 1197 Inde
479 1128 618 1215 propria
639 1131 719 1193 nuta
742 1135 775 1195 et
798 1136 918 1194 exorto
948 1136 1000 1194 est
1032 1127 1087 1196 vel
1109 1125 1295 1196 hominibus
1319 1127 1429 1197 doctis

288 1251 458 1321 nonsatis
482 1251 618 1334 cognita
639 1247 789 1314 latinitas
808 1249 894 1335 juris
920 1247 1150 1317 ecclesiastici.
1193 1249 1304 1335 Hujus
1326 1252 1431 1334 igitur

288 1370 465 1438 latinitatis
487 1366 596 1433 medio
619 1387 703 1434 aevo
720 1376 815 1434 ortae
831 1377 865 1434 et
880 1369 1045 1436 formatae
1056 1369 1307 1435 fundamentum
1320 1369 1432 1457 quod-

291 1491 368 1559 dam
391 1492 594 1557 constituere
609 1488 747 1576 singulis
759 1490 823 1556 huo
835 1489 1063 1578 spectantibus
1079 1489 1251 1557 vocabulis
1269 1489 1432 1569 collectis,

291 1617 452 1704 quantum
464 1613 643 1699 potuimus
666 1618 700 1677 et
716 1610 927 1698 alphabetico
948 1613 1061 1678 ordine
1083 1611 1254 1699 dispositis
1271 1615 1304 1676 in
1321 1613 1432 1678 animo

289 1733 476 1816 habuimus,
498 1733 630 1796 minime
653 1730 855 1798 arbitrantes
880 1735 988 1798 omnia
1018 1753 1079 1798 nos
1109 1729 1274 1797 vocabula
1304 1753 1434 1820 propo·
1540 1733 1541 1736 ’

292 1855 401 1922 scisse
423 1857 457 1918 et
480 1852 680 1939 explicasse,
712 1857 888 1938 omniaque
911 1873 983 1918 cum
1013 1853 1210 1940 pulvisculo,
1239 1861 1278 1918 ut
1308 1851 1433 1937 dicunt,

293 1975 503 2058 exhausisse,
527 1972 589 2040 sed
610 1969 645 2038 id
667 1981 844 2061 sperantes
867 1975 951 2058 fore,
973 1982 1010 2039 ut
1033 1974 1089 2037 elii
1108 1979 1225 2038 nostra
1247 1973 1348 2060 opert
1371 1995 1434 2039 ex-

294 2097 389 2162 citati
420 2093 538 2162 eadem
570 2095 606 2159 vi
626 2101 786 2180 pergant,
820 2095 951 2180 ipsique
980 2095 1107 2159 tirones
1142 2093 1187 2158 ad
1215 2091 1299 2159 hacc
1321 2093 1435 2160 studia

291 2217 378 2303 juris
410 2214 568 2282 Canonici
592 2214 733 2302 amplius
764 2197 998 2302 persequenda
1020 2217 1206 2280 incitentur.
1248 2213 1302 2281 Ac
1330 2215 1436 2280 nemi-

293 2355 369 2403 nem
389 2337 489 2422 argit,
512 2355 627 2402 omnes
647 2343 738 2402 artes
761 2335 1026 2421 ac'disciplincs,
1051 2355 1138 2421 quae
1161 2337 1300 2400 scientia
1324 2342 1435 2401 etex-

292 2455 455 2545 perlentia
478 2461 643 2540 content,
666 2463 768 2542 atque
784 2458 830 2538 ‘in
860 2455 931 2521 dies
961 2463 1147 2539 mutantur,
1177 2453 1432 2541 temporumque
1539 2505 1540 2530 ,

259 2565 261 2568 ⁵
293 2595 479 2665 progressu
502 2582 536 2641 et
557 2577 653 2662 ipsae
674 2584 923 2662 promoventur,
946 2597 1026 2642 suas
1049 2571 1171 2641 habere
1195 2585 1252 2640 aut
1275 2576 1339 2641 sibi
1360 2577 1433 2640 for-

294 2717 387 2765 mare
416 2717 518 2765 voces
550 2697 594 2762 ad
626 2717 698 2782 res,
737 2717 824 2783 quae
861 2696 1100 2784 exprimendae
1121 2692 1232 2781 sunt,
1271 2706 1369 2782 aptas
1400 2704 1435 2761 et

295 2826 486 2905 temporum
523 2837 631 2904 aeque
668 2837 708 2882 uc
740 2818 889 2883 locorum
925 2820 1109 2884 rationibus
1148 2818 1434 2884 accommodatas:

297 2961 370 3006 cum
401 2938 590 3026 theologia,
628 2959 717 3026 quae
755 2961 884 3006 omnem
919 2943 1021 3005 vitam
1061 2942 1238 3005 humanam
1257 3023 1261 3028 .
1279 2960 1434 3025 compre-

296 3059 429 3138 hendit,
454 3079 516 3124 neo
547 3059 624 3125 loca
652 3081 714 3124 nec
743 3069 894 3147 tempora
924 3083 987 3125 nec
1016 3065 1106 3146 ipsas
1142 3062 1290 3144 singulus
1317 3067 1434 3142 gentes

296 3183 464 3268 respiciet,
486 3179 629 3267 indeque
651 3201 752 3246 voces
775 3181 914 3266 formet,
946 3204 1033 3268 quae
1058 3201 1130 3244 cunt
1161 3180 1204 3243 acl
1228 3184 1336 3244 euntia
1359 3180 1435 3244 loca
1539 3197 1540 3225 ¹

297 3309 331 3370 et
353 3309 506 3390 tempora
528 3323 709 3388 omnesque
732 3304 822 3368 orbis
851 3311 1018 3369 terrorum
1042 3302 1160 3387 gentes
1181 3305 1380 3386 pertineant,
1401 3303 1435 3364 in
1538 3365 1539 3382 ,

297 3443 450 3515 sermone
470 3421 574 3490 latino
597 3426 694 3509 quasi
715 3432 846 3488 mortuo
870 3443 1001 3510 semper
1024 3430 1177 3503 monent,
1212 3441 1321 3506 neque
1352 3438 1434 3488 vero
1538 3407 1539 3444 ³

297 3561 360 3632 pro
383 3545 542 3610 emortuis
564 3551 641 3610 sunt
666 3542 859 3627 habendae,
890 3543 951 3608 sed
982 3547 1127 3609 maxime
1156 3546 1254 3607 vivae
1272 3549 1310 3607 ct
1330 3544 1433 3607 totius

284 3659 389 3763 ‚orbis
411 3671 489 3732 sunt
509 3671 709 3751 manentque
720 3685 850 3750 semper
873 3686 913 3728 uc
926 3665 1116 3744 manebunt,
1139 3665 1216 3728 dum
1237 3666 1436 3748 ipsamanet

298 3784 415 3870 religio
439 3782 640 3854 Christiana.
682 3784 778 3852 Haec
798 3788 901 3870 igitur
931 3785 1027 3850 nobis
1058 3805 1193 3871 quoqne
1224 3782 1436 3869 respicienda

300 3913 396 3972 erant
416 3906 600 3992 insingulis
612 3905 761 3990 vocibus,
784 3906 841 3970 ubi
853 3905 1000 3991 adipsos
1020 3906 1131 3970 fontes
1144 3911 1203 3970 aut
1224 3903 1268 3968 ad
1290 3907 1436 3990 scripto-

298 4046 353 4093 res
375 4027 562 4113 primarios,
582 4028 640 4114 qui
661 4025 745 4092 haec
768 4034 867 4092 antea
887 4026 1022 4092 uberius
1041 4032 1238 4108 tractarunt,
1262 4045 1320 4090 eos
1344 4022 1437 4089 dele-

300 4147 464 4236 gavimus,
486 4147 544 4234 qui
564 4146 649 4214 haec
672 4124 859 4215 accuratius
891 4167 1096 4234 cognoscere
1128 4145 1272 4234 cupiant.
1317 4144 1435 4232 Neque

296 4287 387 4335 nova
407 4267 578 4333 attulimus
600 4285 710 4356 neque
731 4272 880 4335 rationes
903 4267 1188 4356 pbilosophorum,
1210 4264 1436 4351 historiaeque

300 4392 501 4483 scriptorum
524 4407 567 4460 ex
590 4389 764 4459 sententiis
787 4373 1028 4460 neotericorum
1050 4373 1294 4477 proposuimus.
1316 4381 1436 4473 Expo-
