3080 5150
728 329 968 396 ..143-

366 509 464 588 putat
503 504 645 566 Ferraria
668 508 703 566 et
725 524 751 567 s.
772 523 803 566 v.
825 503 1072 588 praesentatio,
1103 508 1137 566 et
1165 501 1228 566 sub
1262 521 1295 566 v.
1318 499 1422 566 bene-

369 607 477 670 ficium
501 613 534 671 et
555 613 764 692 patronatus.

280 706 565 773 Praesidentium
587 711 763 793 integritas
776 705 867 774 salua
881 717 933 775 est
945 708 1161 775 subditorum.
1177 727 1203 772 a
1216 707 1246 774 5.
1269 706 1351 772 dist.
1374 708 1421 770 61.

369 813 429 872 La>
453 833 473 874 a
494 813 568 876 442.
591 810 635 874 ad
657 813 835 898 episcopos
858 811 1004 877 Africae.

280 911 580 978 Praestimonium
603 919 656 980 est
678 914 897 1000 stipendium,
927 913 1018 1000 quod
1040 914 1083 979 ab
1106 913 1345 980 ecclesiasticis
1368 933 1422 976 re-

367 1015 493 1082 ditibus
516 1023 659 1082 sumtum
690 1016 762 1080 dari
791 1015 877 1084 solet
906 1019 1073 1083 canonicis
1102 1015 1158 1082 vel
1186 1015 1259 1080 aliis
1291 1015 1421 1082 olorinis

366 1123 401 1185 in
423 1123 515 1186 vitae
537 1119 736 1202 subsidium,
767 1123 966 1206 praesertim
995 1119 1053 1186 ubi
1080 1119 1186 1188 literis
1215 1119 1270 1186 vel
1299 1117 1420 1184 studiis

366 1229 498 1286 vacant.
543 1224 667 1286 Feror.

279 1322 493 1389 Praeveutio
511 1323 627 1408 judicii
648 1325 766 1410 injure
790 1324 958 1392 Canonico
971 1325 1126 1392 ordinata
1148 1334 1208 1404 est,
1232 1345 1277 1390 ex
1301 1325 1421 1410 quoin

366 1448 561 1512 processum
595 1428 681 1512 juris
711 1427 899 1494 Germanici
939 1427 1226 1514 proficiscebatur.
1284 1430 1420 1490 Joanna

365 1533 505 1592 Andreae
543 1529 706 1595 summula
737 1529 779 1596 de
809 1551 975 1617 processu
1012 1531 1063 1596 ad.
1101 1533 1294 1594 Wunderuea
1326 1532 1420 1596 1840.

279 1631 512 1697 Praeveutioz
534 1633 689 1698 Pontifici
711 1653 838 1698 summo
862 1636 959 1718 quasi
981 1641 1167 1700 reservata.

279 1734 493 1802 Pracarium
515 1771 556 1783 -
580 1743 772 1801 contractus
790 1735 877 1820 juris
901 1733 1060 1802 Canoniei
1083 1743 1118 1802 et
1140 1735 1332 1804 Germanici
1349 1744 1417 1802 tres

366 1840 602 1904 suntformae:
623 1840 883 1923 precarium,
906 1841 1127 1922 precaria,
1149 1841 1417 1925 praecariae.

436 1938 477 2005 V.
496 1941 552 2025 jus
571 1943 746 2026 privatum.

285 2043 417 2116 Preces
446 2043 602 2130 publicae
627 2043 671 2108 ab
705 2044 864 2129 episcopo
891 2063 1000 2130 neque
1029 2043 1274 2130 aprincipibus
1297 2065 1416 2110 conoe-

312 2145 315 2150 ’
366 2147 497 2212 dendae
519 2155 605 2213 sunt
648 2151 767 2212 Feror.

278 2251 411 2316 Preces
433 2253 612 2337 primariae
634 2258 712 2316 sunt
722 2253 963 2336 praerogativa
985 2249 1172 2336 personalis
1193 2251 1414 2336 imperatoris,

365 2373 473 2440 neque
496 2353 729 2439 competebant
751 2355 824 2439 ejus
844 2355 995 2438 vicariis,
1025 2360 1058 2421 et
1079 2373 1166 2418 nunc
1196 2355 1306 2439 ipsum
1336 2351 1415 2417 sede

364 2460 493 2543 imperii
514 2463 656 2523 vacante
679 2464 822 2524 cessant.

433 2561 517 2621 aar.
540 2562 584 2622 ed.
608 2561 708 2622 desta.
731 2557 773 2624 H.
795 2579 827 2644 p.
851 2560 943 2624 1241.
965 2557 1005 2624 V.
1027 2561 1154 2645 primae
1175 2577 1304 2645 preces.
1357 2603 1364 2626 .

278 2662 442 2726 Predella
464 2694 504 2706 ·-
529 2659 643 2724 altaris
667 2695 707 2708 -
730 2663 853 2723 Ferme.
875 2661 983 2728 Index
1011 2663 1142 2726 rituum.
1186 2659 1227 2726 V.
1249 2659 1414 2726 Pradella.

278 2760 1415 2848 Presbyteriumnonspeetatadsignifioandumsacerdotiiordinem,

365 2866 443 2949 sed,
466 2875 566 2951 prout
588 2887 710 2951 graece
732 2873 846 2950 sonat,
876 2865 921 2932 ad
943 2868 1110 2932 seniorum
1131 2865 1414 2941 coadunationem,

367 2989 433 3054 quo
456 2983 558 3034 sensu
579 2991 645 3045 non
667 2971 772 3036 minus
785 2967 942 3036 diaconos
967 2989 1068 3055 quam
1083 2969 1300 3054 presbyteros
1323 2970 1414 3053 ipsos

298 3081 311 3098 ⁰
365 3071 680 3157 comprehendebat

435 3179 535 3239 Nardi
558 3176 611 3243 dei
633 3177 773 3264 parochi
795 3184 873 3241 tom.
894 3175 936 3242 II.
959 3198 991 3262 p.
1013 3177 1154 3262 illdseq.

278 3275 497 3342 P'retatioum
521 3282 663 3364 exigunt
683 3280 823 3365 parochi
844 3300 865 3342 a
887 3277 1028 3345 Judaeie
1051 3299 1113 3364 pro
1138 3277 1290 3360 decimis,
1321 3277 1414 3344 obla-

318 3375 320 3380 ’
365 3382 521 3464 tionibus,
545 3381 687 3467 aliisque
708 3383 853 3464 incertis,
875 3401 962 3466 quae
985 3401 1006 3444 a
1029 3378 1227 3446 Christianis
1249 3382 1414 3468 percipie-

366 3486 459 3569 bant,
482 3493 662 3571 antequam
684 3505 798 3550 eorum
828 3484 945 3548 domus
968 3483 1012 3546 ad
1032 3485 1125 3569 ipsos
1155 3482 1307 3549 Judaeos
1337 3504 1414 3570 per-

365 3591 546 3652 venissent.
590 3590 713 3650 Fmor.
736 3609 761 3652 s.
784 3610 814 3651 v.
837 3586 1024 3652 Hebraeus.

279 3689 402 3754 Prima
422 3691 521 3755 sedes
544 3711 565 3756 a
587 3693 716 3756 nemine
734 3690 912 3774 judicetur.
934 3712 961 3755 c.
984 3693 1013 3756 9.
1033 3689 1108 3755 dist
1132 3691 1183 3754 21.

278 3792 420 3858 Primae
443 3811 569 3877 preces
598 3829 640 3840 —
658 3793 714 3878 jus
746 3800 820 3858 erat
850 3791 1091 3878 designationis
1119 3800 1153 3858 st
1186 3792 1319 3878 quidem
1353 3814 1413 3858 ex-

366 3899 570 3981 spectativa:
593 3917 668 3961 oum
689 3915 771 3961 vero
794 3893 945 3960 Concilio
968 3895 1163 3962 Tridentino
1184 3897 1413 3981 exspectatio-

367 4019 427 4064 nes
450 3999 605 4065 sublatae
638 4006 761 4083 essent,
796 4001 830 4062 in
853 3997 1010 4064 honorem
1037 4001 1250 4084 imperatoris
1281 4018 1412 4084 germa-

317 4114 319 4118 ·
363 4105 429 4165 niei
452 4111 670 4168 conservatae
692 4109 777 4168 sunt.

279 4203 463 4270 Primatus
493 4239 534 4252 -
564 4227 595 4269 v.
624 4205 846 4292 patriarchae.
890 4208 1001 4269 Danti
1030 4204 1072 4270 de
1102 4204 1282 4292 patriarch.
1313 4201 1340 4289 ἓ.
1363 4204 1411 4270 38.

365 4308 510 4394 (instra.)
