3088 5140
746 341 978 414 „130-

298 511 552 584 l'haurltlcatlo
576 517 735 604 competit
746 515 948 604 quibusdam
970 517 1122 604 personis
1135 515 1264 584 clericis
1287 517 1444 585 ethicis.

384 619 493 687 Juxta
513 619 654 686 formam
677 617 938 687 Caercmcnialis
961 641 1034 687 cum
1056 621 1154 688 unico
1175 628 1304 687 tantum
1327 621 1445 686 thuri-

383 721 462 790 bulo
493 730 545 789 est
573 721 737 789 iacienda.
788 721 880 788 Usus
911 725 996 789 enim
1026 723 1165 790 duorum
1193 724 1445 790 thuribulorum

383 847 450 894 non
461 825 634 914 probatur.
658 823 875 890 Thurificatio
886 845 1005 892 munus
1018 833 1072 892 est
1082 825 1223 910 diaconi,
1238 829 1295 913 qui
1306 829 1446 893 etiamsi

383 933 427 996 sit
447 950 491 995 ex
514 928 731 1014 dignitatibus
753 925 808 994 vel
830 931 1008 1010 canonicis,
1030 937 1109 1015 post
1122 931 1330 995 incensatum
1347 933 1445 1016 epis-

384 1053 504 1120 copum
527 1030 627 1097 debet
656 1030 740 1097 alios
770 1031 959 1118 praelatos,
990 1033 1019 1098 si
1042 1031 1171 1116 adsint,
1201 1035 1444 1118 magistratum

383 1135 598 1220 saecularem,
621 1132 802 1220 dignitates
827 1143 860 1200 et
883 1138 1061 1203 canonicos
1082 1138 1265 1219 incensare,
1287 1138 1444 1202 mansio-

385 1241 498 1304 narios
521 1259 602 1304 vero
633 1245 667 1304 ct
699 1237 783 1304 alios
814 1237 1006 1325 capellanos
1037 1237 1123 1305 alius
1154 1238 1348 1326 capellanus
1381 1259 1444 1305 seu

381 1345 542 1428 magister
565 1343 847 1408 caeremoniarum
867 1343 1039 1409 incensare
1055 1341 1169 1409 debet

300 1443 538 1512 'thuribulum
561 1479 602 1494 -
624 1445 708 1508 Fen.
734 1479 770 1493 -
795 1443 902 1511 Iudex
922 1448 1051 1512 rituum

297 1551 466 1633 Thymele
489 1587 528 1598 —
548 1547 707 1636 pulpitus.
789 1602 791 1608 .
1329 1631 1339 1636 -

298 1651 495 1736 'l'hymelici
523 1687 565 1699 —
595 1651 795 1735 histriones,
826 1659 1036 1736 cantatores,
1064 1653 1144 1738 quia
1173 1652 1250 1718 olim
1276 1655 1313 1718 in
1336 1673 1443 1720 scena

262 1831 268 1849 ·
383 1775 484 1843 super
513 1744 681 1842 pulpitum
700 1751 884 1820 cantabant
900 1761 934 1821 ct
956 1753 1182 1841 spectaculum
1204 1759 1257 1821 sui
1285 1759 1441 1844 corporis

382 1857 600 1946 praebebant.

453 1959 496 2048 gl.
521 1959 565 2024 ad
587 1981 614 2026 c.
637 1959 688 2042 35.
712 1959 787 2026 dist.
811 1961 840 2026 5.
860 1961 902 2028 de
926 1981 1072 2028 consecr.

297 2064 508 2149 Thymiama
529 2097 570 2111 -
593 2065 747 2130 incensus
770 2099 811 2112 -·
835 2064 983 2131 oblatum
1005 2063 1178 2130 adultere
1200 2071 1355 2152 tempora
1380 2087 1438 2133 sa-

382 2171 505 2236 crificii
538 2170 689 2234 Benedici.
704 2165 801 2235 XIV.
824 2167 855 2233 d.
878 2187 903 2234 s.
927 2167 1040 2253 dioec,
1061 2191 1092 2234 v.
1113 2166 1225 2234 index.

297 2265 467 2340 'titubare
490 2276 544 2338 cst
566 2271 656 2352 ejus,
680 2274 737 2358 qui
758 2273 792 2335 in
809 2273 997 2358 suspicione
1020 2271 1123 2338 habet
1141 2270 1186 2356 id,
1210 2271 1252 2338 ds
1274 2293 1344 2358 quo
1357 2293 1439 2339 con-

382 2375 539 2444 tenditur.
562 2373 606 2462 gl.
629 2373 673 2440 ad
696 2395 723 2439 c.
746 2375 776 2441 4.
797 2373 845 2441 X.
870 2377 898 2442 1.
921 2375 980 2455 38ΙΙ

295 2479 414 2559 'l'itulo
439 2477 502 2564 ,de
525 2475 644 2564 Suor“,
671 2498 737 2545 non
749 2475 812 2562 „de
834 2475 974 2543 Donne“
996 2478 1246 2570 vocaridebent
1266 2479 1438 2546 moniales.

295 2583 435 2660 'l'ltules
458 2581 664 2648 concedebat
685 2581 723 2646 P.
746 2577 780 2647 S.
803 2579 957 2665 Regibus
979 2617 1020 2628 -
1040 2579 1282 2668 Apostolicum,
1304 2580 1438 2648 Catho-

380 2679 496 2769 lioum,
524 2683 788 2767 Fidelissimum,
823 2686 881 2770 qui
909 2688 1078 2772 posterior
1108 2688 1301 2771 assignatus
1333 2693 1388 2752 est
1417 2707 1437 2750 a

380 2793 541 2852 Benedicta
551 2787 649 2854 XIV.
667 2789 702 2852 in
724 2795 828 2854 const.
850 2787 1001 2853 Maxima
1011 2785 1243 2874 Portugalliae
1261 2796 1296 2854 et
1304 2787 1436 2875 Algar-

318 2963 322 2972 ¹
380 2893 511 2958 bionum
533 2893 615 2976 regi.

296 2993 438 3070 Titulus
461 3013 594 3081 quoque
618 3001 670 3060 est
691 3013 744 3060 res
768 2993 1014 3080 ecclesiastica,
1036 3015 1058 3060 a
1079 2995 1237 3081 regimine
1267 2993 1436 3061 saeculari

381 3103 449 3166 suis
473 3089 590 3164 officiis
614 3107 647 3164 et
668 3097 923 3184 magistratibus
945 3105 1117 3186 usurpata.
1286 3181 1290 3188 .

421 3203 581 3270 Pontifex
594 3199 748 3268 Summus
764 3203 867 3268 utitur
883 3201 998 3266 titulo:
1021 3200 1147 3268 Servus
1163 3200 1347 3268 Servorum
1359 3203 1433 3268 Dei.

294 3307 435 3374 Titulus
446 3300 705 3387 Eminentissimi
713 3312 746 3371 et
757 3303 902 3371 Vestrae
920 3302 1129 3371 Eminentius
1142 3313 1281 3392 coeptus
1294 3313 1348 3373 est
1359 3305 1435 3371 dari

379 3407 613 3478 Cardinalibus
654 3407 740 3475 1630
769 3428 814 3473 ex
848 3407 984 3475 decreto
1013 3429 1131 3476 sacrae
1161 3411 1433 3494 congregationis

379 3514 527 3596 Rituum,
552 3513 747 3578 confirmato
769 3512 812 3576 ab
837 3497 961 3576 Urbano
984 3511 1075 3578 VIIL
1100 3515 1148 3578 10.
1172 3511 1264 3578 Juuii
1287 3511 1380 3578 1630.

293 3617 436 3698 Titulus
464 3613 774 3682 Reverendissimus
799 3618 956 3701 competit
983 3613 1175 3703 Episcopo,
1204 3635 1313 3701 neque
1335 3617 1432 3701 capi·

314 3789 318 3798 ,
367 3719 485 3796 ⁴tulum
508 3715 710 3784 cathedralis
733 3715 906 3784 Ecclesiae
926 3725 978 3783 est
1000 3717 1214 3783 salutandum
1237 3738 1310 3783 cum
1331 3717 1432 3782 titulo

313 3811 317 3820 ’
378 3812 661 3890 Reverendissimi
681 3823 715 3886 in
738 3820 890 3886 absentia
913 3823 1070 3908 episcopi.

293 3927 434 3994 Titulus
455 3927 604 3992 Messere
624 3921 869 4010 Mon-Signure
891 3945 977 3990 anno
993 3919 1077 3990 1564
1098 3924 1201 3990 tribui
1223 3921 1432 3990 sciebatne-

326 4041 329 4048 '
378 4029 504 4098 bilibus
521 4021 684 4116 personis.
726 4027 858 4094 Nemini
880 4031 1038 4114 competit
1059 4027 1276 4093 honorificum
1297 4025 1432 4091 titulum

288 4169 291 4175 ·
379 4131 510 4200 sibimet
530 4135 597 4219 ipsi
618 4129 811 4198 attribuere.
836 4151 839 4159 ’
876 4135 879 4142 ’

226 4277 227 4281 =
293 4235 435 4304 Titulus
458 4257 592 4324 quoque
614 4243 666 4302 est
687 4236 922 4322 praecedentia
946 4237 1047 4302 officii
1074 4256 1101 4301 e.
1125 4257 1156 4320 g.
1180 4235 1430 4314 familiaritatis,

377 4340 538 4422 beneficii,
561 4341 768 4428 patrimonii.
1232 4358 1257 4370 ··
