3108 5138
746 375 959 441 ...20-

406 547 539 614 Primus
555 547 670 614 titulus
692 551 726 612 in
741 548 908 613 breviario
925 551 1074 614 continet
1090 547 1327 616 calendarium
1349 551 1426 618 Ro-

369 673 509 715 mallum.

284 754 533 820 Calendariunr
555 757 746 842 liturgicum
768 755 925 820 dividitur
946 755 1218 823 incolendorium
1234 761 1424 844 missarum,

346 859 526 941 ‚breviarii
549 867 583 924 et
605 859 849 924 scholasticum.

282 961 534 1027 calendarium
556 962 807 1027 universale
831 969 864 1027 et
885 959 1089 1048 particulare
1105 965 1312 1048 singulorum
1327 966 1424 1030 ordi·

1549 1067 1550 1114 l

366 1087 445 1130 num
466 1066 707 1150 religiosorum.
751 1067 839 1129 Fara.
864 1065 931 1130 ind.
960 1069 1082 1130 rituum
1112 1089 1161 1132 nr.
1184 1068 1255 1132 524.
1279 1067 1421 1134 Calend.

368 1167 619 1253 scholarum,
643 1167 685 1234 de
715 1189 782 1254 quo
811 1169 916 1234 verba
945 1169 1084 1235 fecimus
1114 1173 1148 1234 in
1176 1171 1274 1258 hujus
1307 1173 1423 1258 operis

366 1279 463 1358 parte
495 1269 650 1338 secunda.

281 1373 470 1439 calvarius
493 1411 534 1421 —
556 1396 616 1440 seu
639 1373 861 1459 Golgatho
877 1409 917 1424 -
934 1379 1082 1441 cranium
1097 1377 1286 1461 significare
1312 1377 1424 1443 fertur

366 1500 410 1544 ox
443 1480 605 1544 communi
635 1479 804 1564 opinione:
840 1478 888 1542 illi
910 1482 1014 1544 monti
1035 1501 1156 1545 nomen
1181 1479 1322 1544 inditum
1345 1499 1423 1546 esse

366 1581 489 1666 dicunt,
513 1581 603 1667 quod
619 1602 658 1647 eo
680 1584 714 1646 in
734 1581 809 1688 loco
821 1581 973 1648 Adamus
985 1583 1139 1669 sepultus
1153 1583 1305 1649 traditur.
1337 1586 1422 1648 Fert.

369 1685 441 1750 s.h
471 1707 503 1750 v.

280 1785 484 1852 cambium:
504 1810 571 1854 non
591 1789 698 1854 solum
710 1811 730 1852 a
746 1790 987 1854 mercatoribus
1004 1791 1121 1874 injure
1138 1789 1228 1855 civili
1242 1789 1304 1856 scd
1318 1793 1421 1856 etiam

366 1894 400 1954 in
418 1892 495 1976 jure
518 1895 677 1957 canonico
701 1891 896 1956 adhibitum.
920 1913 947 1956 c.
960 1893 988 1956 6.
1011 1891 1058 1958 X
1082 1892 1124 1959 de
1146 1899 1280 1981 except.
1302 1893 1343 1959 Π.
1367 1893 1420 1956 25.

285 1996 435 2060 (laniena
463 1996 643 2080 pontificia.
686 1994 951 2061 Recentissimus
985 1995 1084 2081 hujus
1114 1998 1163 2062 rei
1192 1998 1338 2083 scriptor
1366 2003 1421 2060 est

245 2131 250 2136 -
365 2101 498 2178 Bonpcn
521 2098 581 2164 scd
597 2106 631 2163 et
655 2099 727 2163 cfas
740 2097 824 2163 alios
836 2101 1029 2185 scriptorem
1043 2118 1070 2163 e.
1082 2120 1113 2183 g.
1129 2101 1274 2162 Pocorellt
1287 2101 1421 2163 ininstt.

365 2201 508 2266 Camere
523 2201 708 2288 apostolica
721 2207 882 2288 tanquam
894 2201 1040 2267 tribunal
1050 2203 1084 2264 in
1096 2205 1205 2267 causis
1222 2201 1420 2267 clericorum

363 2327 429 2369 non
443 2312 557 2391 potest
569 2326 771 2391 cognoscere
783 2307 817 2368 in
831 2305 938 2390 prima
949 2305 1117 2387 instantia,
1142 2325 1229 2390 quae
1249 2307 1418 2390 episcopis

363 2415 524 2496 tanquam
547 2409 723 2474 ordinariis
748 2410 916 2493 competit,
939 2425 1020 2471 vero
1035 2409 1069 2470 in
1082 2407 1318 2493 appellationis
1336 2426 1420 2492 pro-

366 2534 473 2578 cessu.
518 2511 794 2578 Camerarius
826 2531 893 2573 non
925 2510 1031 2576 solum
1060 2511 1168 2596 judex
1192 2518 1245 2576 est
1275 2509 1335 2575 sed
1362 2508 1421 2574 ille

330 2693 335 2704 .
364 2636 497 2702 quoque
520 2615 667 2701 disponit
690 2615 732 2679 de
754 2613 913 2678 thesauro
937 2613 1107 2682 ecclesiae.
1128 2615 1205 2680 Non
1217 2613 1343 2698 gaudet
1364 2612 1420 2676 hic

361 2717 596 2803 jurisdictione
616 2717 782 2802 delegata,
805 2715 865 2782 scd
884 2719 1030 2802 propria.
1053 2716 1153 2802 glad
1175 2717 1269 2782 clem.
1285 2717 1320 2781 ⁴2.
1341 2715 1366 2781 Ι.
1388 2716 1420 2780 3.

280 2822 430 2885 Camena
452 2819 639 2906 apostolica
654 2826 687 2884 ot
708 2826 858 2884 secreta:
882 2817 1114 2906 Gamerlengo‚
1139 2821 1313 2886 camorieri
1327 2818 1420 2906 apud

364 2927 484 2986 Moroni
505 2945 531 2989 s.
554 2923 586 2987 h.
607 2946 638 3010 u.

279 3024 460 3112 Campana
484 3061 525 3072 -
555 3015 894 3091 tintinnabulum
918 3047 1070 3109 aereum,
1094 3047 1161 3112 quo
1179 3023 1416 3092 occidentales

363 3137 501 3196 utuntur
524 3129 567 3193 ad
596 3129 756 3218 populum
784 3133 819 3194 in
849 3130 1024 3194 ecclesiam
1053 3129 1311 3215 convocandum,
1340 3129 1416 3195 ideo

364 3254 570 3322 campanum,
593 3255 699 3320 genus
723 3237 820 3318 aeris,
844 3255 888 3298 ex
912 3232 1097 3318 Campania
1120 3231 1300 3302 derivatur.
1331 3231 1418 3299 Sunt

362 3358 444 3404 vero
467 3340 567 3403 etiam
589 3337 815 3402 derivationes
839 3337 933 3401 aliae.

280 3439 460 3524 Canopona
483 3477 524 3487 —-
547 3439 709 3526 bannalis,
733 3443 818 3503 Fun.
841 3439 883 3504 Π.
907 3441 946 3504 12
970 3437 1181 3523 (desinentia.)
1211 3467 1214 3472 ·

278 3541 490 3628 Campanile,
512 3547 545 3608 in
568 3565 634 3632 quo
657 3551 734 3610 sunt
757 3563 948 3630 campanae.
1073 3559 1074 3562 ’

279 3645 511 3713 Galloollaria.
536 3645 774 3712 Cancellarius.
791 3645 1001 3712 Cancellaria
1012 3667 1081 3710 vox
1093 3645 1249 3713 barbara.
1260 3644 1417 3712 ¹Cancel-

362 3751 438 3815 larii
447 3752 523 3816 olim
537 3751 617 3816 dicti
629 3758 717 3835 sunt,
730 3753 788 3837 qui
800 3749 844 3814 ad
856 3747 1021 3814 cancellos
1034 3749 1187 3815 forenses
1198 3769 1257 3815 sen
1266 3749 1416 3836 judicum

364 3854 511 3918 stabant.
553 3853 781 3919 cancellarius
799 3852 961 3918 ecclesiae
982 3853 1154 3919 Romanae
1175 3853 1239 3918 fuit
1256 3853 1329 3938 jam
1351 3851 1416 3916 sub

364 3957 541 4020 Innocentio
555 3957 622 4022 III:
645 3955 707 4023 sub
730 3959 878 4036 Bonipicio
899 3955 991 4024 VIII.
1013 3957 1097 4021 haec
1120 3955 1265 4041 dignitas
1288 3955 1417 4019 tributa

364 4064 416 4123 est
425 4057 658 4125 Cardinalibus
669 4084 678 4144 3
690 4059 905 4125 cancellarius
915 4067 967 4156 est
975 4067 1137 4146 organum
1147 4062 1267 4125 mentis
1280 4065 1314 4124 ei
1320 4060 1415 4122 vocis

255 4215 269 4230 ,
362 4182 488 4248 papae:
519 4175 623 4248 quare
648 4163 748 4228 hodie
771 4161 960 4249 appellatur
983 4161 1294 4245 vicecancellarius,
1324 4159 1417 4246 quod
1545 4229 1546 4254 ἶ

309 4316 311 4326 .
364 4264 520 4350 dignitati
542 4265 781 4331 Cardinalitiae
804 4266 868 4332 hoo
890 4288 1138 4352 munusparum
1160 4267 1322 4350 congruit.
1346 4259 1417 4328 Sed

362 4367 478 4434 forsan
506 4369 621 4438 melius
651 4371 790 4438 historia
819 4370 1092 4437 vicecancellarii
1115 4369 1284 4458 explicata
1313 4373 1366 4434 eet
1396 4388 1418 4432 a
