3108 5138
603 403 648 434 2
687 369 733 450 tt
775 405 820 434 2

143 545 378 628 &attularius
419 557 582 626 ecclesiae
617 556 799 625 Romanae.
853 559 1002 620 Anulum
1038 554 1103 642 jur.
1134 553 1281 644 pontida

233 665 307 730 livr.
328 664 379 730 35.

139 766 328 836 (1111111111
349 800 391 815 -
415 766 593 833 Gestaldia
615 801 657 814 -
677 765 874 844 Gustaldiae
887 765 1057 846 tributum,
1081 761 1172 850 quod
1191 759 1283 830 Gaa-

232 871 333 937 taldis
360 877 553 957 praestatur
575 905 617 918 -
639 877 832 957 praestatur
855 890 984 934 census.
1011 869 1182 932 1111111111.
1204 887 1282 932 eas-

232 975 358 1040 taldum
387 993 496 1039 emere
525 981 699 1060 peccatum
729 979 792 1055 est,
822 969 866 1057 gl.
889 969 932 1034 od
964 993 991 1035 1.
1014 971 1043 1034 7.
1066 965 1105 1034 (1.
1127 969 1152 1035 1.
1174 988 1230 1056 qu.
1254 971 1282 1033 1.

233 1077 417 1144 Gestaldua
440 1109 482 1124 ·-·
505 1075 699 1159 Castaldue,
722 1078 779 1160 qui
800 1075 904 1138 habet
932 1091 1045 1138 euram
1067 1079 1282 1136 externarum

231 1198 358 1263 rerum,
383 1183 440 1266 qui
462 1181 583 1244 dicitur
606 1179 690 1244 alian
712 1178 951 1266 Majordomns.
998 1176 1042 1262 gl.
1070 1175 1114 1242 ad
1141 1197 1168 1241 1.
1191 1177 1220 1242 8.
1244 1173 1281 1242 C.

231 1285 257 1350 I.
280 1303 335 1370 qu.
357 1283 387 1350 3.
411 1281 479 1367 (ed.
504 1287 602 1347 Venet.
625 1303 657 1370 p.
675 1280 766 1366 1140.)

135 1388 282 1453 Casula
303 1386 357 1452 vel
380 1387 500 1472 aliquis
524 1392 660 1452 ornatus
684 1384 845 1450 ecclesiae
869 1417 910 1430 -
933 1403 999 1448 non
1021 1378 1122 1448 debet
1143 1381 1215 1449 fleri
1237 1403 1281 1448 ax

230 1497 327 1556 veste
349 1489 489 1575 alicujus
513 1489 665 1554 dominae
694 1488 749 1554 vel
779 1485 973 1552 domicellae
995 1483 1192 1570 (1111111111).
1237 1485 1281 1572 gl.
1312 1533 1319 1551 ,

232 1593 276 1658 ad
299 1615 326 1658 1.
348 1593 400 1657 43.
423 1593 467 1657 de
488 1609 634 1658 consecr.
658 1591 734 1657 diat.
758 1593 785 1655 1.

143 1700 265 1764 Cusus
297 1698 462 1761 reservati
505 1693 737 1768 iurisdictioni
770 1693 936 1780 pontificis
966 1699 1001 1757 et
1032 1693 1281 1778 episcoporum:

229 1809 299 1865 tam
320 1801 386 1864 fori
409 1801 539 1864 externi
562 1817 661 1884 quam
675 1800 805 1862 interni.
827 1796 989 1860 Pontifex
1011 1801 1163 1860 reservat
1178 1794 1281 1860 bene-

229 1906 305 1970 ficia
334 1909 368 1967 et
384 1903 623 1968 absolutiones.
666 1901 781 1967 Utitur
809 1901 924 1987 opera,
952 1918 1039 1964 mox*
1061 1901 1173 1964 euriae
1200 1919 1281 1964 mox

226 2008 481 2095 poenitentiarii.

142 2113 262 2177 Gaaus
284 2125 424 2198 papae
452 2111 682 2174 reservati.
724 2109 846 2174 Potest
873 2123 1029 2172 romanus
1059 2107 1212 2197 poptifex
1235 2127 1280 2173 ex

233 2214 372 2279 concilio
396 2211 593 2276 Tridentino
616 2233 678 2298 pro
699 2229 859 2298 suprema
882 2213 1083 2275 auctoritate
1102 2212 1133 2274 ei
1154 2210 1280 2275 tradita

152 2365 165 2376 .
228 2320 263 2382 in
284 2320 440 2381 universa
461 2316 604 2380 eeclesia
626 2329 724 2380 casus
754 2316 818 2380 sibi
847 2332 1033 2396 reservare,
1080 2313 1280 2378 1111111111.

229 2420 285 2486 lib.
308 2422 337 2485 2.
361 2440 388 2485 1.
411 2419 461 2484 13.
482 2441 532 2484 nr.
555 2420 584 2483 8.
628 2418 689 2484 sed
717 2421 752 2482 in
768 2415 973 2506 ¹quibusdam
1002 2417 1116 2502 regnie
1145 2414 1201 2480 vel
1223 2435 1280 2479 re-

230 2523 384 2608 gionibus
407 2536 541 2608 quoque
563 2525 742 2587 remittere.
792 2514 796 2522 ’

136 2627 393 2710 cntaolysmns
419 2633 473 2691 est
495 2623 661 2691 diluvium
690 2625 734 2711 gl.
757 2625 801 2690 ad
823 2645 850 2690 1.
875 2627 925 2691 10.
945 2619 983 2690 C.
1006 2621 1149 2690 XXXI.
1171 2641 1226 2708 qu
1251 2623 1278 2685 2.

140 2729 336 2796 catechizo.
381 2733 592 2793 Tertullianus.
614 2735 808 2821 Aopmttaaa
830 2730 944 2794 Prima
966 2728 1121 2794 eoelestis
1150 2725 1280 2792 doetri-

227 2855 290 2898 nae
312 2833 500 2899 rudimenta
522 2833 653 2898 docere.
1174 2917 1198 2926 Ι,

138 2936 377 3002 Catheoheaia
438 2937 514 3001 Hoc
556 2939 698 3023 primum
748 2938 812 3002 tuit
862 2957 980 3002 munus
1035 2916 1279 3024 episcoporum,

229 3041 348 3105 deinde
386 3044 602 3105 communiter
632 3040 780 3105 diaconis
817 3040 994 3123 traditum,
1033 3041 1185 3126 quamvis
1215 3039 1279 3104 ali·

229 3145 362 3232 quando
387 3146 492 3208 etiam
508 3143 613 3210 laicis.
638 3145 740 3208 olom.
762 3143 804 3208 II.
825 3141 882 3210 lib.
908 3145 935 3208 1.
960 3165 986 3208 o.
1009 3143 1059 3209 92.
1082 3163 1131 3209 nr.
1155 3143 1205 3207 12.
1229 3141 1279 3207 13.

231 3249 280 3312 14.
308 3247 532 3312 Reservatum
554 3267 688 3333 semper
711 3253 783 3311 erat
805 3249 1102 3331 magisterium
1124 3250 1144 3310 'n
1167 3265 1195 3312 e.
1217 3245 1279 3312 de-

229 3353 311 3416 cisio
334 3349 459 3438 Papae.
481 3349 755 3416 Eruditionis
778 3350 925 3417 officium
951 3357 1160 3416 reservatum
1179 3370 1279 3438 pres-

228 3455 348 3539 bytero
372 3463 406 3519 et
429 3455 581 3532 diacono,
612 3455 672 3521 sed
702 3475 746 3520 ex
775 3457 976 3520 anctoritate
1005 3454 1169 3520 ecclesiae
1198 3476 1280 3520 con-

206 3561 358 3623 'eessum
381 3579 515 3643 quoque
537 3558 642 3641 Inicio,
665 3559 817 3644 adeoque
839 3559 921 3644 ipsis
938 3558 1093 3640 Ι1111111111,
1123 3558 1185 3622 sed
1216 3559 1279 3624 do-

230 3679 307 3725 cere
338 3663 372 3724 in
402 3661 592 3725 eeclesia
625 3659 816 3726 mulieribus
855 3681 921 3726 non
954 3661 1050 3743 licet,
1081 3679 1144 3726 neo
1171 3660 1278 3746 laicis,

227 3764 462 3850 praesentibus
493 3763 631 3830 clericis.
654 3763 781 3830 Videas
804 3765 1072 3852 praedicare.

138 3865 423 3940 cottonianus,
434 3866 616 3952 Romanus,
639 3872 659 3932 i.
683 3889 710 3933 e.
733 3876 919 3956 apparatus
932 3869 975 3934 ad
997 3867 1278 3953 cartenitanum,

226 3971 342 4056 incipit
356 3971 577 4056 praefatione,
602 3970 721 4036 deinde
733 3971 938 4038 dividiturin
950 3977 1094 4060 quatuor
1109 3979 1225 4059 partes
1250 3971 1279 4038 1.

228 4073 271 4137 de
302 4071 477 4138 duodecim
515 4074 657 4158 symboli
688 4077 836 4140 articulis
868 4077 897 4142 2.
928 4075 969 4142 de
1000 4079 1218 4141 sacramentis
1248 4077 1279 4142 3.

228 4175 270 4240 de
291 4175 358 4239 Dei
379 4179 570 4266 praeceptis
593 4179 628 4240 in
643 4175 806 4265 decalogo
821 4183 985 4244 contentia
1001 4181 1032 4244 4.
1053 4179 1095 4249 (11
1118 4181 1278 4245 oratione.

227 4275 314 4343 Tum
343 4277 551 4346 cathechesis
573 4283 607 4345 in
630 4282 778 4368 singulas
801 4286 877 4348 anni
892 4283 1072 4351 dominicas
1099 4281 1279 4354 distributa

218 4387 264 4450 'et
287 4383 468 4474 evangeliis
489 4385 750 4454 accommodata.
