3088 5140
748 389 984 466 -los-

299 570 418 636 domici
440 567 565 656 gradus
588 569 698 636 edhnc
712 574 839 638 servati
853 581 941 655 sunt,
962 572 998 638 td
1021 570 1155 658 quidem
1176 581 1211 640 et
1224 573 1337 659 ipsum
1359 571 1433 659 ‹iig-

298 677 436 741 nitetem
458 674 694 740 Universitatis
717 682 880 740 retentam
898 675 1059 758 declarat,
1081 675 1246 764 simulque
1270 697 1346 742 enm
1363 679 1434 740 ani·

299 796 425 844 morum
446 775 647 862 libertatem,
670 777 714 844 ad
737 799 836 864 quam
858 782 959 847 etiam
981 799 1068 846 nune
1085 779 1198 846 studia
1219 788 1339 846 nostra
1361 787 1435 844 sunt

300 881 481 968 dirigenda.

675 1157 886 1254 l‘eriodus
918 1158 1064 1252 tertia.

384 1397 422 1464 In
445 1397 579 1464 saeculo
602 1393 717 1464 XVII.
740 1406 774 1464 et
796 1395 926 1464 XVIII.
950 1399 1144 1482 attingimus
1166 1405 1338 1484 tempora,
1362 1403 1437 1484 qni-

298 1503 361 1567 bus
386 1504 473 1588 juris
497 1499 656 1568 Oanoniei
678 1501 823 1567 studium
843 1503 915 1587 jam
937 1501 981 1568 ad
1010 1501 1093 1566 illud
1121 1504 1275 1587 pervenit
1298 1501 1437 1584 culmen,

299 1604 390 1692 quod
410 1625 497 1670 nunc
518 1611 618 1670 tenet

384 1705 441 1774 Ex
463 1709 642 1774 certamine
663 1710 750 1773 inter
773 1706 966 1774 catholicos
991 1716 1025 1773 et
1046 1707 1281 1774 Protestantes
1305 1707 1349 1772 sb
1372 1728 1438 1772 uns

298 1819 404 1899 parte,
427 1821 461 1878 et
483 1831 526 1877 er
549 1810 745 1876 diversiretc
768 1814 960 1896 systematis
979 1813 1065 1898 juris
1089 1810 1222 1877 curielis
1248 1817 1282 1878 et
1304 1809 1439 1876 studio-

298 1936 371 1981 rum
393 1917 634 1980 neotericorum
647 1912 897 1980 Catholicorum
917 1921 987 1978 tem
1000 1917 1034 1978 in
1051 1913 1163 1980 Gellia
1177 1935 1278 2000 quam
1300 1917 1334 1978 in
1347 1913 1439 1980 Ger-

298 2017 408 2083 mania
430 2018 473 2096 ab
496 2017 604 2082 altera
626 2024 724 2103 parta
745 2035 834 2082 nova
856 2018 990 2104 quidem
1018 2017 1193 2105 methodus
1224 2026 1345 2084 exorta
1375 2025 1439 2099 ast,
1511 2062 1513 2068 -

302 2137 368 2206 qua
387 2121 443 2208 jus
467 2119 669 2186 Canonieum
691 2122 725 2184 in
740 2139 863 2206 genera
887 2128 921 2186 et
930 2122 986 2206 jus
1002 2124 1260 2188 aeclesiasticum
1273 2124 1309 2186 in
1321 2122 1441 2206 specis

300 2225 491 2290 distinctum
515 2231 549 2290 et
570 2243 658 2290 novo
682 2222 797 2289 ordine
821 2222 1028 2290 eleboratum
1050 2233 1111 2290 cst

383 2327 545 2392 Nolumus
567 2325 796 2392 rerbafaaere
818 2325 861 2391 dc
876 2324 1125 2412 Gallicaniemo,
1147 2326 1441 2408 Febronisnismo,

298 2430 509 2495 ansenismo
531 2435 565 2494 ci
586 2428 854 2514 Jossplriuismo‚
877 2427 937 2495 sed
959 2428 1166 2498 solummodo
1198 2431 1439 2496 demonstren-

299 2533 375 2598 dum
398 2539 459 2617 est,
483 2552 626 2620 quonam
648 2531 820 2618 modoper
842 2532 1011 2600 saeculum
1023 2533 1152 2599 XVIII.
1171 2533 1257 2620 juris
1272 2531 1442 2598 Cononici

299 2637 614 2724 disciplinafrucius
638 2639 765 2722 ceperit
785 2638 819 2700 in
832 2635 1012 2703 Germania
1034 2643 1068 2702 et
1083 2640 1281 2723 praecipuas
1301 2639 1333 2700 in
1358 2639 1443 2700 uni-

298 2742 459 2806 versitate
480 2738 769 2824 Heidelbergensi.
790 2737 843 2803 Ea
864 2741 939 2825 ipsa
961 2738 1093 2806 colebat
1111 2741 1167 2825 jus
1189 2747 1258 2804 tem
1280 2736 1445 2804 Catholi-

299 2861 412 2907 corum
435 2861 534 2928 quam
543 2839 806 2908 Proteetantium
825 2849 896 2908 toto
917 2841 975 2908 illo
999 2842 1134 2909 saeculo
1149 2851 1183 2907 et
1200 2842 1443 2909 celeberrimos

296 2947 434 3016 nutrivit
462 2947 644 3030 magistros
674 2952 709 3010 et
738 2943 908 3014 scholares
938 2947 1025 3030 juris
1047 2944 1207 3012 Oanonioi
1229 2964 1445 3030 -quornm

297 3051 420 3115 mendo
448 3067 535 3114 nnnc
562 3047 718 3113 facienda
747 3055 808 3114 set.
1023 3133 1026 3139 Ι

257 3147 260 3156 ’
383 3151 580 3218 Leonardus
611 3149 802 3217 Rossmsnn
833 3155 867 3216 in
896 3151 1127 3218 Universitate
1157 3151 1446 3236 Heidelbcrgsnsi

297 3259 423 3344 primus
446 3255 520 3340 fuit,
544 3258 601 3341 qui
623 3275 709 3320 anno
732 3256 816 3322 1708
861 3253 1033 3320 Oanonum
1058 3254 1250 3322 cathedram
1271 3274 1446 3322 conscen-

298 3361 364 3443 dit3
386 3357 509 3424 eccidit
529 3359 670 3441 interim,
693 3366 731 3424 ut
753 3357 903 3425 Joannss
926 3356 1110 3424 Guilelmus
1133 3379 1243 3426 eomes
1265 3355 1445 3444 palatinus

296 3462 513 3528 Academiam
541 3459 860 3546 Heldolbergensem
896 3479 1002 3547 nuper
1035 3459 1125 3526 hello
1154 3481 1241 3546 pons
1268 3458 1445 3547 perditem

239 3559 242 3566 ’
297 3571 518 3648 rememoret,
557 3571 593 3629 st
620 3571 754 3649 praeter
783 3564 994 3650 professores
1031 3563 1203 3649 religionis
1231 3563 1446 3630 reformatae

298 3669 399 3732 etiam
421 3665 604 3732 catholicos
625 3665 824 3732 adsumeret
867 3666 933 3731 Hic
954 3673 1067 3732 rector
1088 3667 1278 3732 Rossmann
1297 3667 1446 3754 scripsit

298 3770 564 3842 dissertationem
576 3767 619 3836 de
640 3772 849 3836 testamentis
866 3767 1080 3836 Clericorum.
1101 3769 1163 3837 Illo
1176 3769 1309 3856 quidem
1329 3769 1445 3838 Elec-

296 3879 351 3938 tor
373 3872 522 3938 Joannes
554 3872 737 3940 Guilelmus
765 3876 799 3937 in
821 3873 913 3939 urbis
942 3871 1052 3938 medio
1082 3871 1156 3938 loco
1187 3880 1379 3963 opportuno
1407 3884 1445 3942 et

299 3977 471 4042 commodo
494 3979 690 4054 ¹construxit
719 3976 881 4042 fabricam
924 3975 1160 4043 Univeraitetis
1191 3977 1254 4042 sub
1285 3975 1444 4046 Rectors

296 4077 480 4246 otslchmre
506 4079 692 4148 Kirchnero
721 4078 1010 4148 Architccionicae
1038 4081 1122 4148 bene
1154 4100 1261 4166 gnaro
1293 4078 1443 4147 XXIV.

322 4183 389 4245 unii
411 4182 504 4246 1711.
1371 4199 1380 4207 ”

304 4295 309 4301 “·
382 4283 474 4350 Inter
504 4284 675 4352 scholares
701 4285 938 4354 Univereitsiie
968 4307 1102 4374 quoque
1137 4293 1211 4354 erat
1241 4283 1443 4372 Stephanus

242 4461 245 4467 p
297 4386 489 4453 Alexander
511 4386 553 4452 de
568 4385 788 4474 Wiirdtwciu‚
812 4387 1045 4456 celeberrimus
1067 4397 1184 4457 auctor
1208 4387 1444 4458 Ocnoiliorum
