3108 5138
561 393 774 460 ..45-

184 565 224 633 In
245 569 319 632 foro
341 567 473 632 interno
493 567 564 651 jam
588 567 680 633 solus
711 576 850 656 eventus
880 569 972 634 sine
1001 565 1126 653 culpa
1149 567 1235 634 obli-

185 678 295 754 gatur,
326 692 406 756 ergo
430 692 537 736 casus.
581 672 634 736 De
664 671 841 736 homicidio
870 671 1005 736 casuali.
1029 705 1070 718 -
1093 670 1132 736 In
1161 671 1235 734 foro

186 781 327 838 externo
357 773 532 858 praevalet
568 771 666 859 culpa
706 781 739 838 et
771 775 907 858 injure
938 774 1092 840 Romano
1130 775 1234 838 omnis

184 875 298 962 culpa:
330 876 407 942 ideo
440 875 660 942 damnificatio
691 897 735 942 ex
764 877 967 962 negligentia
997 877 1152 942 facientis
1182 874 1236 940 vel

184 980 377 1044 omlttentis.
427 979 467 1054 In
504 979 580 1062 jure
621 981 790 1062 canonico,
826 1000 901 1044 cum
931 980 973 1044 dc
1004 979 1123 1044 damno
1155 971 1235 1042 dato

182 1103 250 1146 non
281 1087 446 1146 tractatur
476 1081 538 1146 sed
569 1081 610 1147 de
641 1082 815 1168 disciplina
845 1086 894 1148 rei
925 1082 1024 1168 culpa
1053 1085 1124 1148 sine
1158 1081 1235 1146 dolo

184 1204 319 1270 semper
348 1191 400 1250 est
422 1205 524 1250 causa
546 1187 774 1272 mitigationis.
806 1185 845 1250 In
867 1206 904 1274 re
927 1185 1141 1252 criminali
1163 1185 1236 1250 Rc-

182 1307 357 1350 manorum
380 1307 398 1352 e
420 1287 538 1372 regula
560 1287 656 1354 dolus
679 1289 907 1354 tantummodo
929 1291 1073 1373 punitur.
1123 1303 1126 1310 ·
1258 1275 1261 1284 ’

96 1391 275 1457 Cumulus
296 1391 461 1458 libertatis
485 1391 737 1478 estpleniseima
759 1391 817 1456 illa
827 1392 977 1470 libertas,
996 1412 1083 1476 quas
1099 1411 1142 1456 ex
1155 1411 1236 1456 con-

182 1494 591 1564 stitutionibusdastiatoni
608 1495 865 1579 justahabetur.
888 1495 962 1560 Lib.
986 1494 1090 1560 diurn.
1113 1515 1145 1580 p.
1165 1495 1235 1558 117.

97 1597 272 1664 cumulus
294 1597 529 1664 beneficiorum
559 1598 756 1683 prohibitus.
803 1603 922 1679 lisseio,
952 1595 1236 1681 Conciliengesch.

182 1699 301 1766 Index.

98 1804 227 1870 Cultus
252 1811 453 1872 sanctorum.
495 1805 714 1872 Beatificatio.
758 1808 845 1872 Ferr.
864 1812 899 1872 ct
921 1803 1078 1872 celeberr.
1107 1803 1236 1870 librum.

182 1911 340 1972 Benedicti
360 1907 457 1974 XIV.

641 2220 689 2314 ll.

99 2515 297 2582 Dalmatica
318 2540 349 2584 v.
373 2515 559 2584 Collobium
584 2553 625 2564 -
649 2516 826 2584 dalmatica
855 2517 1021 2584 destinata
1044 2525 1116 2587 erat
1146 2520 1236 2604 apie-

181 2641 269 2707 copo
282 2627 316 2686 et
328 2621 478 2686 diaconis
500 2622 627 2686 inurbe
638 2621 756 2686 Roma.
780 2620 862 2686 Ideo
885 2622 985 2684 etiam
1010 2623 1135 2684 Cursori
1157 2642 1237 2686 con-

186 2744 286 2789 cessa
310 2733 392 2790 erat.
433 2727 522 2789 «ΗΡ.
546 2727 759 2792 thrittiacre
789 2723 831 2790 dc
860 2723 1040 2788 dalmatica
1071 2727 1175 2787 Caroli
1196 2727 1236 2786 M.

180 2827 331 2892 Necesse
352 2827 427 2911 fuit,
448 2835 486 2892 ut
508 2829 674 2914 episcopis
704 2827 844 2892 aliarum
874 2829 1045 2893 civitatum
1074 2825 1237 2912 singulari

182 2929 313 2995 indulto
335 2931 509 2995 Pontificis
525 2933 642 2996 summi
671 2933 846 3017 permissio
871 2929 1013 2996 collobio
1035 2929 1150 2998 utendi
1174 2928 1237 2992 da-

182 3039 287 3098 retur.
317 3054 343 3098 c.
369 3035 418 3099 10.
442 3032 519 3098 dist.
535 3035 585 3100 23.
609 3057 641 3100 v.
662 3037 800 3098 Moront:
822 3033 1022 3098 Dalmatica.

100 3135 245 3200 [latoria
268 3135 463 3222 apostolica.
508 3139 637 3204 aaroni.

101 3237 460 3323 bmrohiepisooparc
483 3261 510 3304 c.
527 3242 556 3304 1.
577 3240 624 3306 X.
649 3241 677 3306 1.
700 3243 728 3304 7.
752 3247 792 3304 du
811 3242 923 3304 Frcsac
940 3261 1006 3304 non
1027 3238 1130 3306 habet
1150 3239 1237 3303 hanc

120 3362 124 3369 “
182 3343 296 3427 signif.
326 3343 598 3428 archiepiscopus
623 3343 666 3408 ob
694 3345 917 3428 majoritatem
947 3364 968 3407 a
997 3341 1095 3408 sede
1126 3340 1237 3406 archi-

184 3444 369 3532 episcopali
392 3445 560 3524 adsedem
579 3446 805 3533 episcopalem
826 3446 1004 3512 transferri
1024 3465 1091 3510 non
1112 3450 1234 3530 potest.

184 3570 212 3614 c.
236 3549 300 3614 IX.
331 3551 358 3612 l.
383 3551 412 3614 7.
436 3551 584 3612 Gonzalcz
608 3553 709 3613 Tellez.

102 3649 264 3730 Debitum
286 3652 484 3734 conjugale.
506 3653 559 3718 Dc
582 3653 647 3720 hac
668 3675 705 3718 re
729 3653 772 3720 ad
794 3653 1002 3720 honestatem
1025 3654 1116 3716 vitae
1137 3657 1171 3715 et
1179 3649 1236 3736 jus

184 3757 378 3822 canonicum
400 3756 642 3843 respiciendum
672 3765 734 3841 ost,
764 3780 794 3822 v.
825 3759 907 3822 Fm.
939 3761 974 3820 et
1003 3753 1237 3838 conjugale

161 3855 341 3934 'debitum

104 3959 231 4026 becani
252 3963 395 4028 rurales
418 3999 459 4010 -
483 3962 663 4049 aliquando
680 3963 875 4031 dicebantur
897 3959 1179 4046 archipresbyteri
1195 3995 1236 4005 —

184 4069 219 4130 in
240 4067 340 4132 Italia
361 4087 416 4132 res
439 4073 492 4134 est
512 4070 691 4152 incognita
714 4066 755 4132 cf.
778 4068 894 4132 vicarii
915 4066 1053 4130 foranei.

104 4166 324 4250 llecauloum,
346 4171 440 4234 locus
455 4177 590 4256 praeter
604 4171 697 4254 ipsas
714 4168 883 4252 ecclesias,
907 4167 1142 4234 ecclesiasticis
1165 4167 1237 4230 usi-

186 4273 249 4338 bus
268 4275 466 4340 inserviens:
500 4271 624 4338 Carcer
648 4271 912 4338 ecclesiasticus:
945 4271 1135 4358 appellatur
1151 4287 1237 4354 quo-

186 4397 255 4464 que
276 4376 490 4454 diaconicum.
535 4379 676 4456 Dirtsco,
700 4396 725 4444 s.
748 4374 778 4440 h.
802 4397 833 4440 v.
