3088 5140
546 367 781 436 ..203-

106 566 146 612 ex
165 544 248 631 ipsis
271 541 443 638 sodalibus
461 547 615 624 sumtum,
637 544 818 629 praecipue
830 540 1011 610 secundum
1024 541 1237 630 =singularum

104 657 265 719 terrarum
288 654 322 714 et
344 649 492 731 gentium
515 645 771 712 consuetudines
796 647 1069 714 constituebatur.

184 751 287 830 Unde
316 751 479 836 gliscente
508 749 616 817 abusu
646 751 758 814 extitit
786 749 1029 835 pennulismus,
1061 752 1118 836 qui
1147 751 1237 837 apud

103 861 270 922 nostrates
307 853 444 935 dicitur,
481 871 572 917 more
604 849 752 934 Gallico,
781 852 838 916 ubi
866 851 1064 918 vocabulum
1094 857 1239 920 occurrit

103 959 303 1043 bejsunet
322 955 458 1022 manus.
480 954 515 1020 Is
539 961 592 1020 est
613 953 764 1022 novellus
787 953 970 1035 studiosus,
993 957 1050 1041 qui
1079 955 1123 1020 sd
1145 956 1238 1022 Aca-

105 1061 241 1126 demiam
266 1079 372 1146 nuper
396 1059 554 1124 accessit:
576 1056 703 1124 beamus
727 1065 780 1126 est
802 1056 935 1146 avicula
962 1060 1113 1126 nesciens
1136 1062 1238 1126 vitam
1353 1085 1358 1094 ·

104 1163 335 1246 studiosorum,
358 1181 446 1248 quae
466 1159 610 1226 nondum
633 1181 650 1224 e
673 1159 751 1226 nido
775 1159 931 1228 evolavit
975 1160 1108 1228 Boanus
1131 1162 1239 1248 depo-

104 1288 177 1334 nere
199 1263 318 1332 debuit
338 1267 442 1330 vitam
464 1271 673 1346 consuetam,
704 1267 754 1328 uti
784 1263 911 1348 placuit
940 1263 1069 1348 dicere,
1098 1286 1238 1333 cornua:

104 1369 176 1436 idco
197 1371 286 1436 ritus
309 1375 342 1434 et
360 1367 478 1434 modus
503 1366 737 1453 despositionis
754 1367 936 1432 beanorum
950 1364 1239 1452 (Gelbschnabel).

104 1473 135 1538 Is
166 1471 303 1559 quidem
330 1473 555 1557 recipiebatur
587 1473 673 1536 inter
717 1471 938 1555 bacchantes,
971 1473 1065 1556 cujus
1089 1471 1236 1557 capellos

106 1575 275 1661 depositor
297 1573 573 1653 circumcidebat,
595 1584 705 1640 certos
736 1573 900 1660 quosdam
929 1577 1013 1640 ritus
1044 1573 1238 1658 observans,

104 1678 186 1744 uude
208 1675 404 1744 Scheristae
425 1697 545 1742 nomen
567 1676 769 1763 accipiebat,
791 1680 934 1764 ipseque
962 1697 1041 1743 vero
1065 1677 1238 1744 familiaris

105 1783 263 1866 magister
286 1782 383 1866 quasi
406 1787 488 1863 crat,
518 1782 617 1865 eique
645 1780 799 1845 subditus
827 1779 1017 1866 pennalista
1044 1779 1238 1846 vocabatur.

124 1903 130 1916 ·
184 1884 294 1950 Hicce
315 1881 541 1969 pennalismus
564 1903 638 1948 cunr
659 1881 764 1948 multa
794 1882 931 1948 afferret
952 1883 1041 1948 mala
1070 1890 1104 1950 et
1133 1881 1240 1948 detri-

106 1983 269 2070 meumst)
302 2006 325 2050 a
343 1985 547 2072 principibus
570 1985 734 2052 nonnullis
769 2006 877 2071 aeqae
907 1992 1009 2072 atque
1031 2007 1053 2050 a
1075 1993 1239 2054 conventu

106 2093 287 2176 principum
295 2088 559 2180 Protestautium
568 2087 841 2154 Germanicorum
850 2088 1058 2174 Ratispcnce
1073 2109 1240 2154 convoca-

105 2201 208 2259 torum
228 2194 391 2278 imprimis
414 2191 646 2258 Palatinarum
667 2193 877 2261 severissime
907 2190 1176 2258 interdicebatur.
1183 2191 1239 2276 l⁶¹⁹)

106 2295 142 2362 lu
152 2294 401 2363 Catholicorum
413 2295 698 2362 Universitatibus
713 2297 820 2360 minus
842 2301 1053 2380 propagatus
1067 2292 1124 2360 ills
1134 2294 1239 2360 fuisse

104 2398 245 2485 indeque
267 2400 367 2464 etiam
390 2400 551 2464 minorem
572 2400 640 2462 uim
661 2397 821 2463 habuisse
843 2396 985 2462 videtur.

186 2501 399 2587 Quamquam
420 2501 475 2566 vel
488 2502 633 2586 posteris
651 2500 856 2587 temporibus
878 2505 1001 2570 mansit
1021 2521 1154 2568 nomen:
1177 2524 1240 2566 no-

105 2605 205 2672 vellus
226 2604 420 2688 studiosus;
443 2601 520 2670 olim
541 2604 726 2670 uocabatur
748 2602 995 2688 Justinianista,
1025 2607 1132 2672 serius
1155 2627 1237 2670 voce

106 2709 291 2790 germanica
302 2705 413 2774 Fuchs
423 2704 514 2790 τω)
526 2709 650 2774 interiit
663 2714 776 2774 tamen
792 2715 825 2774 et
841 2707 1093 2776 uafionalismus
1110 2715 1144 2774 et
1154 2729 1239 2794 pen-

105 2810 278 2880 nalistnus:
311 2809 373 2876 sed
394 2830 482 2876 nunc
504 2813 615 2876 exorti
645 2818 723 2876 sunt
756 2809 905 2894 ordines,
933 2814 990 2898 qui
1018 2811 1172 2880 dicuntur
1194 2846 1235 2856 —

106 2913 221 2980 similes
243 2914 410 2996 ,societati
445 2912 645 2980 latomorum
674 2913 815 3000 aliisque
850 2913 1041 3000 hujusmodi
1068 2916 1238 2998 institutis,

106 3037 180 3082 mox
201 3036 283 3082 vero
306 3023 340 3081 et
361 3018 427 3102 ipsi
446 3014 569 3082 sublati
591 3023 669 3082 suut
692 3025 725 3082 et
753 3016 931 3084 interdicti.
975 3017 1159 3084 Praeterea
1187 3020 1240 3082 in-

105 3122 277 3185 veniuntur
299 3118 499 3184 sodalitates
522 3126 556 3186 et
577 3139 738 3206 corpora,
760 3140 846 3204 quae
869 3122 938 3186 suis
972 3122 1107 3185 statutis
1140 3140 1240 3208 rego-

105 3221 223 3288 bantur
245 3225 443 3308 praesertim
465 3223 560 3304 iniis,
583 3243 670 3308 quae
693 3223 736 3288 ad
759 3221 903 3288 duellum
917 3225 1097 3308 pertinent,
1119 3243 1240 3310 recep-

105 3332 171 3390 tum
192 3345 285 3391 more
297 3326 487 3410 germanico
506 3345 551 3392 ex
563 3330 653 3390 statu
665 3325 831 3392 nobilium.
853 3324 909 3392 Ac
926 3345 1007 3392 sane
1022 3326 1077 3390 vel
1098 3327 1240 3392 abusum

105 3430 216 3514 utique
231 3427 332 3494 facile
345 3431 547 3513 irrepentem
570 3430 826 3510 siocncesseris‚
848 3437 959 3496 tamen
976 3432 1096 3516 negari
1115 3433 1239 3514 nequit,

106 3529 327 3598 studiosorum
346 3531 506 3615 juvenum
535 3534 647 3616 vitam,
671 3552 757 3618 quae
780 3533 999 3598 societatibus
1034 3540 1158 3611 careat,
1181 3553 1241 3596 co-

107 3634 203 3715 gitari
224 3636 283 3700 vix
304 3654 422 3722 posse:
451 3655 651 3722 quamquem
673 3634 718 3700 ad
740 3639 840 3702 animi
862 3638 1102 3702 recreationem
1131 3638 1240 3700 vitac-

107 3757 169 3818 que
197 3737 442 3822 jucunditatem
474 3741 508 3804 in
529 3739 652 3804 talibus
674 3759 761 3804 nunc
782 3741 891 3824 magis
903 3741 1061 3826 spectari,
1084 3758 1185 3824 quam
1196 3738 1240 3802 ad

105 3835 275 3906 literarum
297 3840 420 3916 studia,
442 3862 538 3907 nemo
561 3849 631 3926 est,
660 3845 718 3930 qui
739 3862 865 3928 negare
892 3843 1010 3928 possit.
1054 3841 1175 3928 Itaque
1197 3861 1240 3906 ex

80 3933 327 4012 'studiosorum
350 3945 524 4028 sodalitiis,
549 3944 661 4032 qualia
683 3967 769 4012 nunc
791 3948 1011 4032 reperiuntur,
1041 3944 1123 4010 nihil
1149 3944 1240 4028 quod

173 4183 203 4252 a)
222 4187 370 4240 Schwab
389 4190 484 4254 syllab.
502 4193 598 4242 rector.
616 4195 635 4241 t.
653 4190 688 4242 11.
706 4207 732 4256 p.
751 4191 791 4242 15.

174 4269 223 4338 aa)
240 4275 337 4337 Annei.
354 4275 527 4343 Heidelberg.
543 4279 608 4330 anni
625 4275 700 4329 1654.
717 4291 743 4343 p.
761 4277 819 4330 37⁷.
837 4277 895 4328 379.

174 4353 242 4427 ***)
262 4361 436 4417 Schulluchs.
