3088 5140
877 743 924 854 (b

330 1037 652 1122 Quadradeeimani
681 1037 1083 1124 (τεσσαρεσκαιδεκατῐται)
1107 1041 1164 1126 qui
1185 1039 1348 1126 pascham
1378 1039 1465 1106 eele-

415 1141 516 1208 brent
537 1142 635 1208 simul
656 1164 730 1209 eum
751 1143 902 1210 Judaeis.
930 1145 1035 1207 Emeb.
1058 1143 1134 1210 hist
1158 1141 1236 1209 eccl.
1260 1141 1320 1208 1v.
1343 1145 1394 1208 14.
1418 1144 1465 1208 26.

296 1263 299 1270 ’
414 1243 456 1310 V.
479 1246 520 1312 23
531 1267 600 1333 seq.
629 1249 820 1326 Epiphanius
838 1245 1049 1314 inhaereaI.
1071 1266 1158 1334 quae
1181 1251 1232 1312 ast
1246 1244 1304 1310 illa
1322 1243 1464 1331 quadra·

417 1347 671 1414 decimanorum.

331 1449 629 1536 Quadragesima.
659 1473 686 1518 o.
710 1453 760 1518 16.
783 1449 859 1518 dist.
879 1451 909 1518 5.
931 1449 973 1517 de
997 1472 1145 1518 consecr.

432 1575 453 1617 a
480 1555 588 1640 prima
624 1552 788 1620 dominica
818 1554 1097 1641 quadragesimae
1126 1573 1234 1642 usque
1264 1551 1308 1618 ad
1338 1553 1463 1640 paseha

433 1656 567 1722 Domini
589 1677 652 1722 sex
673 1655 900 1723 hebdomades
924 1663 1168 1744 computantur.

484 1778 511 1824 e.
533 1759 562 1823 5.
585 1758 660 1825 dist
681 1761 712 1825 4.
734 1759 776 1825 de
799 1781 948 1826 conseer.

461 1859 523 1926 Cui
546 1860 676 1926 addidit
699 1861 925 1949 Telesphorus
946 1863 1101 1952 pontifex
1130 1864 1306 1950 septimam
1337 1859 1463 1926 bebdo-
1524 1883 1525 1888 ¹

268 1979 274 1998 ‘
416 1965 546 2029 medem
570 1971 603 2029 et
624 1973 781 2029 vocatum
797 1971 849 2031 est
870 1965 934 2030 hoo
954 1973 1085 2053 tempus
1108 1966 1418 2052 quinquagesimae.

330 2069 572 2152 Quaesluare,
616 2069 838 2154 quaestuarii,
873 2074 1069 2154 quaestores
1098 2102 1140 2116 -
1172 2067 1462 2152 eleemosynarum.

415 2171 564 2235 Ferraria.

332 2261 510 2356 'Quidagio

330 2373 479 2459 pedagia
587 2343 614 2388 e.
634 2324 685 2390 26.
708 2321 756 2388 Χ.
778 2320 818 2387 V.
841 2325 892 2389 40.

332 2475 561 2560 Quietismus.
604 2477 857 2564 Propositiones
879 2475 1050 2543 Fenelonii
1072 2476 1321 2544 condemnatae.
1344 2477 1459 2544 Annal.
1526 2503 1527 2508 ¹

411 2581 476 2664 jur.
498 2581 615 2666 pontif.
636 2579 760 2646 livrais.
782 2579 947 2646 buitibme.

331 2678 646 2764 Quinquagesimut
686 2685 809 2746 Fen-ar.
833 2681 951 2769 quadr.
973 2685 1153 2770 quinquag.
1197 2684 1365 2747 Foaaaaat
1385 2704 1458 2770 pag.

417 2783 488 2849 153.
513 2783 584 2848 155.

871 3129 921 3224 lt.

329 3424 522 3509 Rapoiare.
564 3423 746 3510 Rapulare‚
768 3446 799 3488 v.
820 3429 861 3486 du
883 3424 1003 3490 Freme.
1033 3427 1169 3506 Phidipr,
1199 3421 1380 3490 Lehrbueb
1401 3423 1456 3487 des

415 3527 686 3593 Kirebenreohts.
708 3524 736 3612 ἓ.
759 3527 831 3592 273.
852 3525 940 3592 Note
961 3527 992 3592 3.

331 3629 448 3714 Omne,
471 3629 562 3716 quod
584 3646 710 3695 rarum
733 3636 795 3714 est,
820 3628 897 3716 plus
919 3631 1098 3716 appetitur.
1121 3649 1148 3693 e.
1172 3629 1221 3692 24.
1244 3627 1321 3694 dist.
1344 3627 1392 3696 93.
1438 3626 1440 3632 ’

330 3733 474 3798 Rasura

372 3834 406 3917 a)
429 3834 542 3920 quoad
564 3833 739 3899 barbam
761 3831 864 3899 debet
885 3853 960 3900 esse
982 3836 1016 3898 in
1038 3833 1158 3900 elerico
1171 3840 1372 3920 competens,
1395 3851 1420 3898 o.
1432 3828 1456 3893 5.

433 3937 480 4003 X.
505 3937 547 4002 de
568 3939 639 4002 vita
661 3943 696 4002 et
717 3936 794 4004 bon.
817 3935 927 4002 alerio.
949 3936 1009 4002 HL
1033 3939 1060 4002 1.

485 4043 638 4105 auomoaa
659 4039 685 4106 I.
706 4039 762 4106 lib.
786 4041 815 4105 2.
838 4062 863 4106 e.
886 4041 939 4105 37.
962 4037 990 4124 5.
1014 4042 1063 4106 10.

371 4140 409 4225 b)
432 4141 544 4227 quoad
563 4145 863 4206 instrumenta.

487 4265 515 4308 e.
538 4245 566 4308 2.
588 4243 636 4310 Χ.
659 4243 701 4308 de
723 4243 832 4330 privil.
855 4243 896 4309 V.
919 4245 971 4310 33.
1215 4317 1217 4322 .

485 4367 511 4416 c·
536 4347 585 4412 ll.
608 4346 654 4412 X.
678 4346 720 4410 de
742 4347 807 4412 fide
829 4349 977 4414 instrum.
1000 4346 1042 4415 II.
1063 4347 1114 4411 22.
