3088 5140
558 331 795 396 -199-

89 501 142 586 pit
164 501 202 564 in
226 520 405 586 processu,
428 501 663 568 accedentibus
686 503 912 587 practicorum
934 506 1108 570 sententiis
1130 505 1246 570 iudea

90 603 256 668 Durandi
281 611 401 671 aetate.
443 603 611 670 Paulatim
632 603 777 690 legistae
798 603 860 670 sed
888 607 996 670 rarius
1030 609 1064 670 in
1102 605 1245 673 Germe·
1299 638 1301 644 s

89 708 157 787 nia,
182 727 295 792 quam
316 709 350 772 in
371 706 470 772 Italia
492 714 525 774 et
549 705 660 772 Gallia
676 708 882 785 exoriuntur,
905 711 1105 794 praesertim
1126 711 1159 772 in
1175 709 1245 772 Pa-

89 808 253 892 latinatu,
281 828 354 876 cum
375 812 542 897 principes
564 808 710 874 Palatini
730 809 879 874 mebrius
902 811 1152 894 constituerent,
1173 818 1245 876 uta

87 913 165 996 jure
189 905 395 997 particulari
418 931 525 997 eoque
547 909 646 977 solito
670 909 826 976 standum
856 920 964 996 esset,
991 885 1043 976 ita
1071 920 1108 977 ut
1131 935 1243 978 onmes

89 1014 208 1078 fontes
229 1015 321 1100 juris
343 1013 429 1079 illius
450 1015 610 1100 temporis
633 1012 686 1079 vel
708 1015 836 1098 injure
862 1011 1030 1080 Canonico
1059 1015 1113 1080 vel
1135 1019 1244 1102 parti-

92 1117 200 1183 culari
233 1117 439 1184 Germanico
468 1116 732 1206 reperiantur.*)
785 1115 950 1196 Quoniam
980 1137 1061 1183 vero
1100 1137 1245 1205 progre-

94 1221 210 1286 diente
231 1221 322 1306 juris
346 1223 485 1286 scientia
507 1218 688 1286 secundum
710 1219 884 1285 Bartoli
905 1223 1068 1288 rationem
1097 1229 1130 1286 et
1159 1224 1244 1286 scri-

94 1325 162 1388 oris
187 1327 270 1388 aevi
292 1323 392 1388 medii
413 1326 573 1389 rationem
592 1324 648 1408 jus
680 1322 925 1408 quodammodo
955 1342 1126 1390 commune
1148 1327 1245 1409 quasi

93 1429 242 1492 nrixtum
275 1443 320 1490 ex
345 1427 421 1510 jure
450 1423 604 1492 Romano
633 1433 668 1490 et
691 1423 859 1491 Canusino
895 1426 1086 1502 colebatur,
1117 1435 1187 1492 tres
1210 1430 1244 1490 in
1342 1451 1347 1454 ·

94 1528 334 1596 Universitate
355 1529 567 1615 professores
591 1531 696 1594 creati
718 1535 805 1611 sunt,
829 1526 974 1612 Codicis,
996 1528 1243 1596 Institutionum

95 1638 128 1694 et
149 1631 416 1697 Pandectarnm.

183 1732 320 1812 Quibus
345 1732 520 1817 derebus,
544 1753 645 1820 quum
668 1733 801 1800 abunde
823 1735 1014 1820 expositum
1043 1737 1087 1800 sit
1109 1755 1129 1799 a
1153 1734 1243 1802 cele-

95 1835 182 1902 berr.
206 1833 439 1922 Wundtio**)
461 1835 524 1903 hoc
545 1837 620 1903 loco
634 1836 785 1922 plumbus
801 1857 902 1922 ogere
913 1837 1004 1903 haud
1019 1841 1243 1928 necessarium

98 1957 173 2004 esse
195 1939 343 2006 videtur.

182 2041 309 2128 Neque
332 2041 397 2107 alio
420 2041 517 2108 modo
541 2049 631 2107 artes
655 2041 699 2106 ad
720 2043 883 2108 rationem
906 2045 1077 2130 antiquam
1105 2052 1139 2107 et
1162 2043 1243 2109 soli-

98 2151 166 2208 tam
178 2141 427 2229 tractabantur,
449 2148 581 2232 ipsique
593 2143 830 2210 Iurisconsulti
846 2147 999 2231 magistri
1022 2144 1142 2215 artium
1157 2167 1242 2232 quo-

99 2267 163 2330 que
185 2267 267 2314 esse
288 2247 484 2330 maluerunt,
506 2269 573 2314 non
595 2247 701 2314 solum
716 2247 851 2313 honoris
875 2256 909 2314 et
928 2255 1116 2315 rectoratus
1129 2269 1242 2326 causa,

102 2350 307 2434 sedetiam,
337 2351 427 2436 quod
456 2351 638 2416 saecularis
669 2353 829 2415 scientiae
856 2353 941 2417 ratio
973 2358 1005 2417 et
1039 2351 1185 2438 dignitas
1208 2351 1242 2416 id

100 2451 348 2535 quodammodo
370 2453 543 2541 postulare
565 2453 752 2519 videbatur.

183 2555 436 2644 Theologorum
459 2560 597 2623 scicntia
619 2553 854 2622 scholasticam
876 2557 1089 2641 sequebatur.
1119 2577 1122 2588 ⁴

102 2709 310 2724 m

166 2797 198 2867 ³¹⁴)
218 2801 349 2853 deler
372 2804 400 2852 in
423 2801 492 2852 libro
525 2799 683 2866 „Rupertus
708 2799 856 2854 Palatinus.
892 2800 1029 2866 Friburgi²
1050 2801 1123 2852 1861.
1141 2818 1165 2867 p.
1185 2801 1243 2870 129,

101 2891 152 2937 not.
172 2887 194 2939 3.
214 2888 322 2954 profert
349 2883 428 2938 hoco:
447 2885 506 2950 „Do
528 2883 606 2937 Laud
630 2885 688 2937 und
712 2885 819 2937 Leuten
843 2899 897 2937 von
924 2885 984 2936 dem
1001 2885 1243 2938 Kaiserrecht

103 2985 210 3036 grosser
229 2969 354 3027 Sotaden
370 2971 505 3038 liegegnet
523 2975 597 3024 wtre
615 2971 672 3023 und
689 2971 759 3022 noch
777 2971 954 3037 bevorstehe,
971 2985 1002 3022 so
1020 2971 1101 3023 wolie
1119 2987 1148 3022 er
1167 2969 1242 3034 (Itu-

102 3055 183 3122 pert)‚
201 3059 268 3112 dare
285 3057 479 3110 heschriebsnn
496 3057 604 3110 Rechts
621 3056 858 3108 unaernLtndern
876 3071 919 3109 am
936 3057 1023 3109 ereln
1041 3057 1144 3133 aricdcr
1157 3058 1242 3108 sollen

101 3142 279 3197 beschrieben
295 3144 381 3210 geben
399 3143 508 3196 werden
525 3146 552 3194 in
567 3143 699 3205 Bitonem,
718 3142 781 3194 dass
800 3141 860 3194 sich
877 3156 961 3193 unser
976 3139 1056 3196 stede
1073 3141 1129 3192 und
1140 3143 1242 3192 Dtrfer

103 3227 219 3281 darnach
236 3231 375 3296 gerichtan
392 3227 512 3296 m'o'gen.“
531 3230 593 3281 Vld.
616 3231 706 3278 Talao·
722 3229 794 3280 Hist.
811 3228 897 3282 Palat
915 3231 943 3278 in
962 3243 1015 3292 qna
1031 3243 1095 3281 voro
1121 3227 1241 3294 docetur,

102 3312 180 3363 talem
196 3313 538 3368 librumnullomodocsse
548 3318 737 3381 perscriptum.
755 3309 839 3376 (Male
855 3315 894 3364 ibi
912 3316 1010 3368 citetur
1022 3311 1079 3364 doc.
1097 3313 1241 3364 LXXXV.

102 3413 149 3460 pro
167 3399 373 3466 LXXXVIII.)
392 3417 417 3451 v.
437 3403 562 3452 collectio
582 3401 810 3452 documentorum
1075 3421 1078 3429 ·

168 3481 219 3550 W]
238 3483 405 3552 Programm.
424 3486 457 3538 de
475 3488 577 3552 origine
595 3491 622 3538 et
639 3497 789 3552 progressu
805 3482 943 3536 facultatis
960 3483 1094 3550 juridicae
1112 3487 1139 3534 in
1156 3483 1241 3537 Acad.

103 3566 224 3626 Heidelb.
242 3587 333 3638 progr.
347 3571 382 3624 V.
