3080 5150
762 411 804 430 ..
850 377 913 446 100
954 411 998 430 ...

311 547 457 616 Karena
479 583 520 596 ··
544 548 836 636 quadragesimale
854 551 1026 636 jejunium.

311 644 470 737 Καθαρός
491 687 533 700 -
554 673 676 739 purus:
696 651 773 718 inde
796 650 944 718 Cathari.

312 752 594 820 llatlretratioum
614 755 635 819 i.
657 773 685 822 e.
705 757 823 842 pensio
846 757 1007 842 episcopi,
1029 777 1060 820 v.
1083 755 1146 822 sub
1166 753 1362 822 Cathatrad

310 855 531 924 Kerouaria.
576 854 661 924 Ooto
685 865 762 924 sunt
782 857 969 924 ineoclesia
990 860 1127 944 antiqua
1148 865 1363 944 peccatorum
1384 881 1454 945 ge-

396 981 486 1028 nera
537 960 665 1026 Horum
693 967 770 1026 octo
798 959 1030 1046 principalium
1059 963 1215 1026 vitiorum
1244 963 1384 1046 primum
1416 970 1454 1026 et

396 1067 578 1129 maximum
598 1065 732 1147 vitium,
756 1061 847 1148 quod
877 1069 930 1128 cst
960 1065 1103 1128 omnium
1125 1061 1288 1128 malorum
1309 1067 1453 1146 initium,

397 1187 508 1252 aquo
539 1168 688 1232 oriuntur
717 1164 785 1230 alia
814 1171 959 1252 septam,
993 1185 1080 1250 quae
1107 1164 1161 1230 hio
1188 1165 1453 1252 subsequuntur,

402 1277 456 1336 est
476 1268 695 1357 superbia
737 1267 802 1334 Hic
834 1275 888 1334 est
913 1270 988 1354 ipse
1009 1267 1162 1334 diabolus
1164 1313 1295 1334 .....
1319 1267 1455 1336 Secun-

398 1371 476 1438 dum
498 1373 614 1436 vitium
636 1379 689 1440 est
710 1373 1046 1457 gastrimargia,
1067 1370 1133 1438 hoo
1162 1378 1215 1438 est
1243 1371 1345 1457 gulae
1367 1391 1455 1434 eon-

387 1476 612 1560 cupiscentia,
634 1494 696 1560 per
718 1494 820 1560 quam
841 1473 1072 1541 miserabiliter
1090 1473 1319 1561 protoplastes
1336 1471 1456 1538 mundi

397 1575 439 1643 de
460 1576 620 1664 paradiso
643 1584 696 1644 est
718 1577 862 1662 ejectus,
885 1584 919 1642 ot
945 1578 981 1642 in
1001 1576 1179 1661 naufragia
1207 1576 1308 1661 hujus
1336 1576 1455 1641 mnndi

397 1687 449 1746 est
471 1680 625 1748 exulatus
628 1725 750 1748 .....
774 1679 924 1746 Tertium
942 1682 1059 1746 vitium
1081 1687 1133 1746 est
1153 1678 1339 1764 luxuria,
1363 1699 1455 1765 quae

397 1783 437 1848 fit
459 1802 503 1850 ex
525 1786 612 1850 omni
633 1781 801 1869 corporali
821 1781 1030 1848 immunditia
1052 1789 1086 1848 et
1116 1801 1161 1848 ex
1191 1785 1279 1848 omni
1301 1781 1456 1869 degene-

395 1893 491 1951 ratae
513 1887 642 1951 animae
662 1887 753 1972 turpi
773 1884 899 1950 malitia
921 1905 995 1952 cum
1014 1885 1203 1950 carnalibus
1226 1883 1405 1950 desideriis
1419 1892 1455 1950 et

397 1987 627 2074 corporalibus
638 1987 884 2074 voluptatibus:
905 2008 967 2074 por
989 1990 1099 2054 omnia
1119 1987 1284 2074 impudice
1304 2008 1455 2054 consen-

397 2093 439 2156 tit
453 2093 563 2156 anima
564 2137 639 2156 .....
662 2088 826 2170 Quartum
841 2094 958 2158 vitium
974 2099 1026 2158 est
1041 2091 1331 2179 philargyria,
1355 2090 1454 2177 quod

397 2201 450 2260 est
472 2196 623 2280 avaritia,
646 2214 733 2281 quae
754 2194 839 2262 bene
861 2195 1046 2280 hydropico
1074 2203 1286 2281 comparatur
1312 2215 1377 2260 sua
1399 2197 1457 2258 in-

398 2297 554 2364 cessabili
575 2298 755 2382 injustitia:
776 2318 854 2362 nam
875 2295 1092 2382 hydropicus,
1115 2305 1241 2383 quanto
1262 2297 1336 2383 plus
1351 2296 1454 2380 bibit,

395 2408 490 2466 tanto
503 2400 644 2488 amplius
658 2403 746 2484 sitit3
770 2402 818 2466 sic
833 2420 967 2483 avarus,
991 2407 1117 2487 quanto
1131 2401 1206 2485 plus
1218 2400 1329 2480 habet,
1348 2405 1456 2462 tanto

395 2506 503 2591 majus
516 2503 717 2572 desiderium
738 2502 932 2590 acquirendi
953 2502 1001 2568 illi
1022 2509 1144 2568 manet
1166 2549 1173 2563 .
1196 2550 1205 2566 .
1226 2547 1235 2564 .
1257 2548 1265 2563 .
1288 2499 1455 2578 Quintum

394 2609 510 2672 vitium
534 2608 671 2690 satira,
694 2626 782 2692 quae
803 2605 963 2672 haetenus
980 2626 1111 2692 semper
1126 2604 1329 2693 operabatur
1339 2601 1456 2667 multa

396 2708 484 2773 mala
507 2717 541 2774 et
560 2710 652 2775 mira.
695 2708 805 2796 HuJ'us
826 2711 897 2776 irae
918 2708 987 2774 tela
1008 2709 1157 2776 furentia·
1179 2709 1332 2792 suaviterx
1344 2705 1453 2770 fran-

397 2813 447 2897 git
475 2818 592 2878 sancta
620 2814 792 2898 patientia.
853 2809 997 2879 Sextum
1026 2815 1143 2878 vitium
1180 2819 1232 2878 est
1266 2808 1457 2876 indiscreta

396 2912 860 3000 tristitia(Melancholie).
884 2913 1193 3002 Septimumvitium
1204 2909 1456 2982 catascedia

394 3019 451 3083 ie.
474 3017 620 3084 taedium
632 3021 761 3102 mentis,
783 3039 844 3104 per
856 3017 947 3104 quod
959 3017 1073 3104 plures
1096 3018 1251 3085 abierunt
1271 3016 1456 3082 averitate

395 3127 588 3188 retrorsum.
619 3120 785 3200 Octavum
795 3123 978 3188 vitiumeet
1000 3120 1248 3188 cenodoxia
1269 3119 1454 3186 tednanis

395 3224 502 3310 gloria
544 3233 578 3290 et
606 3227 753 3308 vanitas,
784 3245 885 3311 quam
914 3223 1015 3290 facile
1043 3226 1134 3310 capit
1169 3229 1288 3289 nostra
1314 3220 1453 3304 fragilis

394 3327 591 3393 humanitas.
636 3325 728 3397 Ordo
750 3327 883 3414 publice
902 3329 1147 3413 poenitentium.
1180 3328 1321 3388 Marinus
1338 3319 1452 3387 Gom-

395 3432 575 3496 mentarius
605 3429 783 3496 historicus
814 3429 857 3498 de
889 3435 1101 3496 sacramento
1137 3427 1371 3514 poenitentiae.
1409 3459 1454 3472 -··

395 3535 523 3596 Martem.
547 3531 589 3600 de
610 3535 756 3619 antiquis
779 3533 942 3600 ecclesias
961 3533 1080 3598 ritibus
1101 3531 1158 3596 lib.
1170 3532 1208 3596 1.
1219 3551 1249 3596 e.
1271 3531 1300 3594 6
1321 3531 1455 3590 Rozibre

395 3636 535 3704 Recueil
556 3636 694 3722 general
716 3635 775 3708 des
798 3635 966 3702 formales
988 3657 1066 3722 pag.
1089 3637 1233 3720 742seq

309 3661 529 3824 llcpbale-
553 3737 696 3824 Cephas
726 3739 859 3812 Petrus
902 3742 1076 3819 Dollinper,
1107 3735 1160 3803 dia
1193 3735 1452 3821 Grundlegung

310 3889 521 4030 Κηρύᾶσειν
527 3980 572 4022 -,
607 3945 804 4032 praedicare
836 3941 1059 4032 Evangelium
1081 3952 1116 4010 et
1144 3944 1222 4011 fidei
1244 3942 1453 4026 doctrinam

397 4049 510 4116 adnot.
532 4048 576 4114 ad
598 4070 625 4114 o.
645 4049 697 4114 32.
721 4048 797 4116 dist.
819 4049 869 4115 50.

308 4151 440 4218 ,Kleros
463 4186 504 4198 -
527 4173 619 4218 sors:
639 4152 719 4218 inde
740 4151 861 4218 clerici.

325 4326 327 4335 ,
367 4327 370 4336 Δ
402 4311 406 4321 ,
439 4254 573 4324 Decret.
596 4255 741 4321 (trutinat
762 4285 803 4304 -ι
825 4263 990 4324 tractatus
1013 4253 1347 4324 ordinandorum
1371 4253 1449 4323 dist

398 4357 448 4424 23.
473 4365 594 4446 etseq.
