3088 5140
778 385 1014 457 ...151-

328 554 545 628 Protestatlo
572 561 628 647 fit,
658 583 700 629 ne
726 563 770 628 ab
797 562 904 628 altero
931 563 1169 650 praejudicium
1195 565 1272 652 juro
1303 585 1370 631 suo
1400 567 1461 630 fiat

415 689 442 732 o.
465 669 516 732 tl.
538 667 586 732 X.
608 667 649 732 de
672 673 755 732 sent.
777 665 819 732 Il.
843 667 894 732 27.

329 783 571 850 Protonotarii
580 788 830 872 participantes,
842 786 1005 852 titulatas.
1022 787 1141 851 Moroni
1156 787 1339 854 dizionario
1356 809 1383 854 s.
1395 789 1424 852 h.
1435 813 1461 852 v.

327 900 507 974 Provisis.
551 905 704 974 Collatio.
738 905 916 973 Institutio.
951 905 1176 975 Confirmatio.
1199 907 1389 976 Ordinatio.
1410 909 1461 974 In·

412 1013 584 1076 vestitura.
628 1009 825 1077 Installatio.
871 1010 933 1076 Jus
956 1019 1163 1098 patronatus.

373 1111 406 1196 1)
429 1115 577 1200 provisio
601 1121 654 1180 est
675 1117 766 1179 notio
788 1113 954 1200 generalis
978 1111 1020 1178 de
1038 1113 1268 1180 constituendo
1291 1113 1459 1180 beneficio.

373 1215 407 1300 2)
431 1211 575 1282 Collatio
606 1215 759 1282 concedit
785 1217 840 1304 jus
872 1220 906 1282 in
934 1239 971 1284 re
994 1221 1028 1282 in
1050 1219 1213 1284 beneficio
1243 1217 1459 1304 acquirendo:

430 1326 482 1383 est
503 1318 557 1385 vel
577 1319 684 1384 libera
712 1319 767 1384 vel
795 1319 955 1404 limitata,
977 1354 1018 1368 -
1041 1319 1202 1385 limitatur
1231 1323 1459 1401 nominatione,

368 1481 370 1486 .
431 1443 517 1508 quae
539 1443 580 1488 ne
592 1422 695 1488 semel
707 1421 840 1508 quidem
852 1421 1004 1488 concedit
1022 1425 1078 1510 jus
1092 1423 1135 1487 ad
1152 1444 1230 1503 rem,
1243 1431 1276 1488 et
1292 1421 1458 1503 electione,

430 1546 497 1610 qua
520 1528 625 1590 oritur
643 1527 699 1611 jus
723 1525 767 1590 ad
790 1547 869 1606 rem,
892 1536 925 1592 et
946 1525 1189 1612 postulatione,
1225 1527 1277 1588 cui
1301 1524 1458 1588 accedere

430 1625 529 1693 debet
550 1627 766 1714 dispensatio,
790 1636 823 1693 et
845 1635 1043 1715 patronatus
1056 1629 1143 1712 jure,
1167 1649 1233 1712 quo
1249 1627 1459 1712 distinguitur

427 1731 484 1816 jus
506 1729 626 1795 laicale
649 1738 683 1796 et
712 1729 972 1796 ecclesiasticum
995 1751 1068 1794 cum
1090 1732 1192 1794 variis
1224 1749 1267 1793 ex
1298 1727 1365 1794 hoc
1396 1730 1458 1793 dis-

430 1835 564 1897 crimine
610 1833 794 1898 effectibus.
858 1833 943 1897 Tum
987 1834 1026 1897 fit
1069 1831 1275 1897 confirmatio
1313 1831 1371 1896 vel
1413 1833 1458 1894 in-

428 1937 566 2002 stitutio.
618 1933 713 2000 Haec
755 1939 789 2000 in
826 1956 949 2022 genere
991 1933 1067 2000 olim
1104 1933 1342 2022 appellabatur
1373 1934 1457 1998 ordi·

429 2039 529 2104 natio.

370 2139 406 2224 3)
428 2141 541 2207 Medio
564 2162 648 2206 aevo
670 2139 833 2208 beneficia
854 2141 929 2228 lege
951 2141 1115 2208 saeculari
1138 2163 1158 2205 a
1179 2141 1275 2206 laicis
1298 2162 1366 2206 non
1387 2160 1455 2204 raro
1518 2149 1519 2220 ᾗ

430 2243 688 2310 conferebantur
717 2243 905 2309 utifeuda:
929 2245 1109 2310 -forsan
1138 2239 1338 2308 investitura
1368 2241 1455 2306 laica

430 2344 493 2411 Cui
514 2349 666 2414 instituto
689 2353 855 2434 repugnat
879 2350 965 2411 omni
988 2355 1137 2434 tempore
1161 2346 1310 2411 ecclesia.

368 2447 404 2533 4)
427 2445 496 2516 Sed
518 2449 591 2515 lieri
613 2453 731 2536 potuit,
753 2457 791 2514 ut
813 2453 1001 2536 provisione
1024 2449 1176 2536 perfecta
1199 2457 1233 2513 et
1255 2451 1455 2514 institutione

428 2574 586 2619 concessa
608 2551 764 2639 specialis
786 2554 894 2618 forma
916 2555 1139 2640 possessionis
1163 2551 1264 2618 realis
1287 2555 1456 2638 acquiren-
1517 2559 1518 2580 .

429 2653 494 2720 dae
516 2655 682 2720 obtineret
704 2656 766 2720 sub
789 2677 872 2721 voce
896 2655 1129 2738 „installatio.“

370 2755 405 2841 5)
428 2755 465 2822 Si
487 2765 538 2822 est
561 2758 694 2822 collatio
716 2758 822 2822 libera
849 2757 894 2842 (v.
917 2779 964 2821 nr.
988 2757 1034 2842 2),
1057 2755 1231 2823 intercedit
1254 2777 1388 2844 quoque
1409 2757 1454 2818 in·
1516 2841 1517 2854 Σ

429 2857 576 2924 stallatio
600 2860 662 2924 sub
684 2879 767 2925 voce
790 2863 1007 2944 „investitura
1030 2857 1264 2927 beneficialis.“

326 2979 497 3044 Psalmus
520 3017 561 3028 -
583 2980 810 3048 Psaltcrium.
854 2985 1001 3044 Ferraria.

453 3084 545 3154 Inter
565 3084 714 3170 psalmos
733 3093 810 3150 sunt
832 3092 960 3170 septem
973 3082 1240 3172 poenitentiales,
1265 3087 1322 3170 qui
1344 3105 1365 3146 a
1379 3103 1455 3170 poe-
1515 3105 1516 3126 ¹

411 3188 590 3272 nitentibus
620 3192 767 3254 maxima
787 3189 932 3254 utilitate
953 3187 1118 3274 leguntur.

328 3305 617 3392 Ptocbotrophia,
640 3332 671 3373 v.
692 3309 756 3374 loci
778 3308 995 3376 venerabiles.
1014 3311 1019 3320 “

327 3423 534 3594 Puerlperae
555 3463 597 3476 -
621 3449 708 3513 quae
736 3431 886 3493 ioannis
915 3428 1095 3514 puerilibus
1126 3431 1272 3514 pariunt.
1316 3451 1342 3494 e.
1366 3429 1395 3493 3.
1414 3425 1454 3491 X.

433 3528 473 3594 V.
495 3531 525 3594 2.

324 3645 494 3729 Pugnum
527 3683 568 3694 -
603 3656 655 3714 est
688 3647 802 3713 clausa
842 3671 958 3714 manus
998 3671 1070 3713 cum
1103 3650 1368 3736 apprehensione
1410 3649 1454 3712 di-

413 3753 557 3836 gitorum
581 3757 614 3815 et
636 3749 757 3816 dicitur
778 3773 799 3814 a
820 3771 952 3836 pugn03
977 3755 1034 3837 qui
1057 3753 1141 3816 enim
1164 3771 1262 3816 manu
1284 3753 1356 3816 vult
1376 3773 1455 3838 pun-

411 3862 502 3937 gere,
524 3856 659 3938 stringit
680 3871 845 3940 pugnum,
868 3854 902 3917 hi
920 3852 1166 3918 nondenudsnt
1179 3871 1259 3939 ergo
1281 3854 1453 3931 brachium,

409 3962 447 4018 ut
466 3955 594 4018 faciunt
618 3955 824 4020 dominae-
853 3955 1041 4042 etquidem
1064 3953 1218 4042 Hispani,
1240 3977 1307 4021 non
1328 3963 1454 4021 utantur

413 4057 634 4142 guernacbiis,
657 4077 742 4143 quas
765 4058 921 4144 prohibet
942 4059 1025 4124 haec
1047 4059 1155 4124 litera.
1186 4059 1230 4144 gl.
1252 4059 1297 4124 ad
1319 4060 1410 4125 clem.
1430 4059 1452 4120 l.

412 4157 544 4224 111.10.

453 4259 508 4326 De
529 4265 736 4328 vestimentis
758 4264 1000 4330 monachorum>
1024 4265 1089 4330 boc
1110 4264 1185 4330 loco
1206 4285 1317 4330 sermo
1340 4272 1399 4331 est.

454 4362 580 4432 Vocem
604 4363 847 4456 ,guerrarum
871 4366 1062 4434 nonhabet
1085 4371 1126 4430 du
1148 4373 1266 4434 raca.
