3088 5140
795 371 1030 440 -158-

439 554 615 631 extravag.
645 565 760 612 comm.
787 545 1005 630 Regularium
1028 547 1255 612 commentarii
1284 545 1472 614 celeberrim.

442 651 589 712 Otoclr'er.
613 652 761 729 Rr'yoneii.
786 647 957 714 collectae
972 647 1471 732 suutrsgulaeaJoonmXXll.

437 753 575 838 †1335.,
599 755 761 816 Benediclo
782 751 864 818 XII.
886 751 908 834 †
931 753 1033 834 1342,
1057 756 1182 816 Ninoloo
1205 751 1246 817 V.
1268 753 1292 835 †
1315 753 1408 835 1455,
1423 753 1472 817 sub

439 877 505 941 quo
529 853 744 924 Concordata
766 855 908 920 nationis
930 856 1141 940 germanicae
1165 855 1370 938 factasunt,
1393 859 1473 918 Inno-

440 964 536 1020 centlo
558 957 649 1023 VIII.
676 958 698 1039 †
723 960 825 1036 1492„
851 961 1000 1022 Clemente
1020 956 1113 1022 VIII.
1142 959 1282 1040 †1605‚
1305 959 1366 1024 ubi
1387 958 1474 1023 alter-
1515 957 1516 960 ’

437 1063 553 1126 nativa
575 1063 735 1127 mensium
768 1059 1042 1142 constituebatur,
1081 1062 1226 1140 Gregorio
1248 1061 1331 1128 XV.
1353 1062 1376 1144 †
1398 1061 1473 1126 lana
1515 1087 1516 1120 l

439 1162 518 1247 (hoc
539 1183 646 1249 usque
671 1160 834 1245 Obockien)
857 1165 1032 1224 Alecondro
1054 1162 1129 1229 VII.
1151 1163 1174 1246 †
1196 1166 1290 1229 1667.
1315 1168 1474 1228 ammana

438 1266 520 1332 XII.
538 1266 561 1348 †
584 1267 687 1351 1689„
702 1265 861 1330 'Clemente
875 1265 967 1348 XII,
990 1265 1134 1352 subque
1154 1269 1291 1352 scripsit
1313 1271 1471 1348 Rigonum,

438 1404 480 1420 -
502 1367 782 1440 BenedietoXIV.
806 1365 934 1453 dequo
957 1370 1106 1430 Ferraria.
1515 1423 1516 1440 ,

480 1472 576 1538 Nunc
605 1471 766 1559 publicati
795 1493 816 1536 a
845 1473 943 1534 Leone
969 1471 1050 1538 XII.
1079 1471 1103 1554 †
1133 1471 1216 1540 1839
1247 1480 1281 1540 et
1313 1493 1473 1561 quoquea

439 1580 493 1640 Pio
515 1597 611 1642 nono.
635 1579 770 1640 Rosatr'rt
790 1577 825 1640 in
848 1573 975 1661 epham.
998 1578 1076 1654 Moy.
1098 1575 1164 1642 vol.
1186 1577 1247 1642 ΠΙ.

352 1679 559 1760 Regulares.
591 1683 692 1744 Boaic
714 1678 756 1744 de
778 1677 999 1763 regularibus,
1021 1678 1158 1744 Parisiis
1183 1679 1276 1747 1857.

482 1783 521 1848 In
542 1789 614 1850 tres
638 1784 770 1848 ordines
790 1802 909 1848 nomen
939 1781 1142 1866 regularium
1171 1781 1349 1850 dividitur:
1379 1785 1473 1869 agltru

437 1889 472 1952 in
493 1888 599 1971 primo
621 1885 663 1950 da
686 1885 824 1966 clericis,
848 1887 1082 1969 canonicisque
1103 1885 1334 1970 regularibus,
1364 1889 1397 1952 in
1417 1905 1473 1951 se·

439 1989 547 2056 cundo
569 1989 611 2054 de
635 1987 804 2057 ordinibus
827 1987 1044 2069 militaribus,
1064 1989 1098 2052 in
1120 1990 1221 2054 tertio
1244 1987 1285 2054 de
1309 1989 1473 2055 monachia.
1515 2049 1516 2058 2

482 2091 604 2158 Clerici
625 2090 798 2176 regulares
822 2093 1016 2156 etcanonici
1034 2093 1155 2159 iterum
1176 2091 1344 2178 triplicem
1367 2099 1474 2161 suun
1515 2105 1516 2176 j

438 2194 700 2282 amplectuntur:
721 2201 799 2260 sunt

342 2303 346 2311 “
457 2297 490 2382 1)
513 2299 661 2363 canonici
682 2296 854 2382 regulares
879 2303 912 2362 01
934 2295 1045 2362 clerici
1059 2297 1242 2382 regulares.
1275 2297 1334 2362 Ad
1350 2295 1472 2365 clericos

506 2404 673 2486 pertinent
704 2400 853 2483 Teatini,
884 2399 1072 2485 Barnabiti‚
1103 2397 1294 2484 Somaschi,
1325 2401 1473 2478 Jesuitae,

505 2506 645 2569 ministri
656 2502 747 2588 degli
767 2503 897 2568 infermi
909 2523 927 2568 s
940 2502 1025 2568 delle
1041 2503 1154 2570 seuolo
1172 2507 1239 2590 pie,
1260 2504 1351 2573 della
1373 2501 1473 2572 madre

507 2607 540 2672 dl
562 2608 638 2690 Dio,
662 2607 772 2672 clerici
794 2608 927 2680 minori:

453 2707 487 2794 2)
510 2712 542 2792 ii,
566 2711 623 2794 qui
639 2710 766 2792 degunt
787 2711 821 2774 in
833 2711 1387 2795 »0003105001001110011110υηί111(
1410 2704 1471 2774 dell’

507 2814 653 2877 oratorio
677 2811 711 2879 di
738 2814 770 2876 S.
794 2815 923 2890 Ptdlipo
944 2812 1026 2880 Neri
1049 2847 1090 2863 -
1113 2813 1320 2898 Dottrlnari,
1349 2815 1472 2880 11110010-

504 2917 588 2997 nari‚
610 2916 657 2999 pii
685 2913 821 3000 Operti,
852 2913 969 2982 Oblati
999 2915 1033 2980 di
1062 2916 1172 2983 Maria
1203 2913 1237 2984 S.
1258 2916 1471 2989 Immaeolata,

505 3017 641 3082 Istituto
665 3017 753 3082 della
776 3019 899 3084 carita:

369 3189 372 3194 ,
452 3119 487 3206 3)
511 3124 788 3207 congregationes
810 3121 1000 3204 religiosae.
1026 3109 1241 3205 *Passionisti
1264 3157 1306 3175 -
1329 3123 1386 3193 dal
1406 3141 1472 3188 san-

505 3227 634 3290 tissimo
654 3224 857 3307 Redentore,
869 3259 910 3272 -
922 3223 1046 3288 fratelli
1066 3224 1152 3290 delle
1174 3225 1287 3291 souole
1299 3227 1472 3302 christiane

457 3329 518 3394 De·
540 3327 711 3394 ordinibus
733 3327 929 3397 militaribus
960 3335 995 3392 et
1025 3327 1069 3396 de
1089 3328 1259 3397 monachis
1279 3331 1354 3414 jam
1374 3343 1472 3397 sermo

440 3439 520 3497 erat.
817 3434 825 3442 '

350 3533 505 3618 belensi,
527 3556 558 3599 v.
580 3534 694 3622 Lepsi-
750 3549 758 3573 ‘
1335 3601 1340 3608 .

350 3637 485 3720 Religio
511 3674 547 3684 -
572 3639 637 3707 Dei
649 3637 767 3706 Cultus
790 3637 929 3723 (Plriltips
944 3657 1051 3724 comp.
1074 3636 1102 3723 ἓ.
1118 3637 1162 3724 i).
1183 3639 1269 3711 base
1285 3637 1472 3726 m‘gnificatio

435 3745 468 3809 iu
492 3759 632 3828 corpore
651 3743 736 3826 juris
759 3745 889 3808 minime
912 3744 1072 3810 occurrit:
1094 3743 1213 3826 religio
1227 3743 1292 3808 bic
1307 3751 1359 3810 est
1374 3743 1473 3828 potius

435 3847 505 3910 vita
527 3847 712 3925 monastica
724 3865 783 3912 seu
795 3852 874 3910 voto
891 3844 1060 3927 religionis
1081 3845 1245 3914 adcincta
1269 3867 1296 3918 c.
1309 3847 1337 3912 1.
1351 3839 1473 3912 (LXX.
1515 3867 1516 3934 j

356 4009 361 4020 ,
437 3969 491 4032 qu.
508 3949 555 4030 2.;
579 3968 605 4014 c.
620 3949 669 4012 10.
693 3946 730 4014 Ο.
745 3947 831 4014 XX.
843 3967 897 4032 qu.
911 3948 938 4012 1.
955 3947 1006 4018 X·
1028 3947 1073 4014 de
1094 3949 1305 4033 regularibus
1328 3957 1473 4016 0111001-

440 4050 593 4114 euntibus
625 4049 670 4113 ad
691 4049 885 4134 religionem
906 4053 1019 4122 Pensio
1040 4054 1165 4137 antiqu.
1186 4074 1219 4138 p.
1241 4052 1314 4118 273.
1346 4055 1473 4118 senaar

418 4173 462 4218 s.
491 4175 521 4218 u
551 4152 674 4237 religio,
693 4150 850 4236 Systema
885 4152 1054 4238 quoddam
1083 4154 1317 4238 religiosorum
1347 4157 1473 4224 offertur
1515 4161 1516 4242 g

357 4315 361 4322 .
436 4257 471 4320 in
491 4257 600 4327 annal.
630 4257 695 4343 jur.
725 4264 818 4348 pont.
839 4257 912 4324 liur.
943 4258 994 4325 39.
1018 4291 1059 4304 -
1087 4265 1212 4324 status,
1232 4257 1427 4358 clericorum
1447 4260 1473 4319 et
