<?xml version="1.0" encoding="UTF-8"?>
<!DOCTYPE html PUBLIC "-//W3C//DTD XHTML 1.0 Transitional//EN"
    "http://www.w3.org/TR/xhtml1/DTD/xhtml1-transitional.dtd">
<html xmlns="http://www.w3.org/1999/xhtml" xml:lang="en" lang="en">
 <head>
  <title>
</title>
<meta http-equiv="Content-Type" content="text/html;charset=utf-8" />
  <meta name='ocr-system' content='tesseract 3.04.00' />
  <meta name='ocr-capabilities' content='ocr_page ocr_carea ocr_par ocr_line ocrx_word'/>
</head>
<body>
  <div class='ocr_page' id='page_1' title='image "./manualelatinita00rossgoog_0157.png"; bbox 0 0 3080 5150; ppageno 0'>
   <div class='ocr_carea' id='block_1_1' title="bbox 742 313 980 380">
    <p class='ocr_par' dir='ltr' id='par_1_1' title="bbox 742 313 980 380">
     <span class='ocr_line' id='line_1_1' title="bbox 742 313 980 380; baseline 0.004 -2"><span class='ocrx_word' id='word_1_1' title='bbox 742 313 980 380; x_wconf 80' lang='lat'><strong>-136-</strong></span> 
     </span>
    </p>
   </div>
   <div class='ocr_carea' id='block_1_2' title="bbox 376 485 1438 884">
    <p class='ocr_par' dir='ltr' id='par_1_2' title="bbox 376 485 1438 781">
     <span class='ocr_line' id='line_1_2' title="bbox 377 485 1438 574; baseline 0 -22"><span class='ocrx_word' id='word_1_2' title='bbox 377 489 504 573; x_wconf 84' lang='lat' dir='ltr'>origine</span> <span class='ocrx_word' id='word_1_3' title='bbox 536 507 669 574; x_wconf 89' lang='lat' dir='ltr'>quoque</span> <span class='ocrx_word' id='word_1_4' title='bbox 708 493 782 552; x_wconf 85' lang='lat' dir='ltr'>erat</span> <span class='ocrx_word' id='word_1_5' title='bbox 816 486 990 573; x_wconf 83' lang='lat' dir='ltr'>parochia,</span> <span class='ocrx_word' id='word_1_6' title='bbox 1024 504 1097 552; x_wconf 85' lang='lat' dir='ltr'>eum</span> <span class='ocrx_word' id='word_1_7' title='bbox 1129 485 1300 554; x_wconf 73' lang='lat' dir='ltr'>dioeceses</span> <span class='ocrx_word' id='word_1_8' title='bbox 1330 487 1438 552; x_wconf 81' lang='lat' dir='ltr'>aliam</span> 
     </span>
     <span class='ocr_line' id='line_1_3' title="bbox 378 587 1436 676; baseline 0 -20"><span class='ocrx_word' id='word_1_9' title='bbox 378 592 657 676; x_wconf 87' lang='lat' dir='ltr'>significationem</span> <span class='ocrx_word' id='word_1_10' title='bbox 679 589 850 656; x_wconf 86' lang='lat' dir='ltr'>haberent.</span> <span class='ocrx_word' id='word_1_11' title='bbox 895 587 964 654; x_wconf 88' lang='lat' dir='ltr'>Sed</span> <span class='ocrx_word' id='word_1_12' title='bbox 984 597 1065 656; x_wconf 87' lang='lat' dir='ltr'>tunc</span> <span class='ocrx_word' id='word_1_13' title='bbox 1086 592 1246 656; x_wconf 86' lang='lat' dir='ltr'>remansit</span> <span class='ocrx_word' id='word_1_14' title='bbox 1265 590 1436 658; x_wconf 74' lang='lat' dir='ltr'>dioecesis</span> 
     </span>
     <span class='ocr_line' id='line_1_4' title="bbox 376 696 728 781; baseline -0.006 -23"><span class='ocrx_word' id='word_1_15' title='bbox 376 697 545 760; x_wconf 89' lang='lat' dir='ltr'>territorio</span> <span class='ocrx_word' id='word_1_16' title='bbox 569 696 728 781; x_wconf 78' lang='lat' dir='ltr'>episcopi.</span> 
     </span>
    </p>

    <p class='ocr_par' dir='ltr' id='par_1_3' title="bbox 420 794 1434 884">
     <span class='ocr_line' id='line_1_5' title="bbox 420 794 1434 884; baseline 0.002 -24"><span class='ocrx_word' id='word_1_17' title='bbox 420 798 594 862; x_wconf 84' lang='lat' dir='ltr'>Prioribus</span> <span class='ocrx_word' id='word_1_18' title='bbox 624 797 830 884; x_wconf 81' lang='lat' dir='ltr'>temporibus</span> <span class='ocrx_word' id='word_1_19' title='bbox 870 794 1064 862; x_wconf 87' lang='lat' dir='ltr'>sacerdotes</span> <span class='ocrx_word' id='word_1_20' title='bbox 1099 797 1264 864; x_wconf 87' lang='lat' dir='ltr'>inferioris</span> <span class='ocrx_word' id='word_1_21' title='bbox 1303 795 1434 864; x_wconf 83' lang='lat' dir='ltr'>ordinis</span> 
     </span>
    </p>
   </div>
   <div class='ocr_carea' id='block_1_3' title="bbox 338 899 1434 1501">
    <p class='ocr_par' dir='ltr' id='par_1_4' title="bbox 338 899 1434 1501">
     <span class='ocr_line' id='line_1_6' title="bbox 377 899 1434 987; baseline -0.002 -22"><span class='ocrx_word' id='word_1_22' title='bbox 377 902 447 965; x_wconf 89' lang='lat' dir='ltr'>siva</span> <span class='ocrx_word' id='word_1_23' title='bbox 468 900 661 987; x_wconf 87' lang='lat' dir='ltr'>presbyteri</span> <span class='ocrx_word' id='word_1_24' title='bbox 682 901 716 964; x_wconf 91' lang='lat' dir='ltr'>in</span> <span class='ocrx_word' id='word_1_25' title='bbox 736 902 865 984; x_wconf 80' lang='lat' dir='ltr'>magnis</span> <span class='ocrx_word' id='word_1_26' title='bbox 886 899 1027 966; x_wconf 88' lang='lat' dir='ltr'>urbibus</span> <span class='ocrx_word' id='word_1_27' title='bbox 1050 902 1149 986; x_wconf 84' lang='lat' dir='ltr'>quasi</span> <span class='ocrx_word' id='word_1_28' title='bbox 1160 901 1307 986; x_wconf 83' lang='lat' dir='ltr'>expositi</span> <span class='ocrx_word' id='word_1_29' title='bbox 1322 908 1434 983; x_wconf 84' lang='lat' dir='ltr'>erant,</span> 
     </span>
     <span class='ocr_line' id='line_1_7' title="bbox 376 1000 1433 1090; baseline 0 -24"><span class='ocrx_word' id='word_1_30' title='bbox 376 1005 426 1068; x_wconf 90' lang='lat' dir='ltr'>uti</span> <span class='ocrx_word' id='word_1_31' title='bbox 448 1002 676 1068; x_wconf 72' lang='lat' dir='ltr'>innocentiani</span> <span class='ocrx_word' id='word_1_32' title='bbox 698 1005 732 1067; x_wconf 90' lang='lat' dir='ltr'>in</span> <span class='ocrx_word' id='word_1_33' title='bbox 754 1001 896 1090; x_wconf 85' lang='lat' dir='ltr'>epistola</span> <span class='ocrx_word' id='word_1_34' title='bbox 917 1000 962 1068; x_wconf 84' lang='lat' dir='ltr'>ad</span> <span class='ocrx_word' id='word_1_35' title='bbox 983 1002 1192 1086; x_wconf 84' lang='lat' dir='ltr'>Decentium,</span> <span class='ocrx_word' id='word_1_36' title='bbox 1223 1001 1433 1090; x_wconf 84' lang='lat' dir='ltr'>Episcopum</span> 
     </span>
     <span class='ocr_line' id='line_1_8' title="bbox 375 1104 715 1192; baseline -0.006 -22"><span class='ocrx_word' id='word_1_37' title='bbox 375 1104 589 1192; x_wconf 79' lang='lat' dir='ltr'>Eugubinum</span> <span class='ocrx_word' id='word_1_38' title='bbox 610 1113 715 1171; x_wconf 86' lang='lat' dir='ltr'>notet.</span> 
     </span>
     <span class='ocr_line' id='line_1_9' title="bbox 448 1207 955 1296; baseline -0.008 -22"><span class='ocrx_word' id='word_1_39' title='bbox 448 1230 518 1274; x_wconf 86' lang='lat' dir='ltr'>can.</span> <span class='ocrx_word' id='word_1_40' title='bbox 543 1212 570 1273; x_wconf 86' lang='lat'>1.</span> <span class='ocrx_word' id='word_1_41' title='bbox 593 1207 630 1274; x_wconf 74' lang='lat'><em>0</em></span> <span class='ocrx_word' id='word_1_42' title='bbox 652 1209 749 1276; x_wconf 87' lang='lat' dir='ltr'>XIII.</span> <span class='ocrx_word' id='word_1_43' title='bbox 772 1231 827 1296; x_wconf 89' lang='lat' dir='ltr'>qu.</span> <span class='ocrx_word' id='word_1_44' title='bbox 852 1212 879 1274; x_wconf 93' lang='lat'>1.</span> <span class='ocrx_word' id='word_1_45' title='bbox 947 1257 955 1270; x_wconf 93' lang='grc'><em>,</em></span> 
     </span>
     <span class='ocr_line' id='line_1_10' title="bbox 419 1311 1431 1399; baseline 0.001 -22"><span class='ocrx_word' id='word_1_46' title='bbox 419 1311 520 1398; x_wconf 91' lang='lat' dir='ltr'>Apud</span> <span class='ocrx_word' id='word_1_47' title='bbox 529 1315 683 1376; x_wconf 77' lang='lat' dir='ltr'>Bernard</span> <span class='ocrx_word' id='word_1_48' title='bbox 694 1316 772 1392; x_wconf 83' lang='lat' dir='ltr'>Pop.</span> <span class='ocrx_word' id='word_1_49' title='bbox 781 1312 1027 1398; x_wconf 84' lang='lat' dir='ltr'>distinguuntur</span> <span class='ocrx_word' id='word_1_50' title='bbox 1036 1311 1195 1380; x_wconf 86' lang='lat' dir='ltr'>ecclesiae</span> <span class='ocrx_word' id='word_1_51' title='bbox 1211 1312 1431 1399; x_wconf 70' lang='lat' dir='ltr'>baptismales</span> 
     </span>
     <span class='ocr_line' id='line_1_11' title="bbox 338 1413 980 1501; baseline -0.009 -17"><span class='ocrx_word' id='word_1_52' title='bbox 338 1479 342 1484; x_wconf 90' lang='lat'>.</span> <span class='ocrx_word' id='word_1_53' title='bbox 376 1421 409 1480; x_wconf 88' lang='lat' dir='ltr'>et</span> <span class='ocrx_word' id='word_1_54' title='bbox 431 1414 639 1501; x_wconf 78' lang='lat' dir='ltr'>parochiales</span> <span class='ocrx_word' id='word_1_55' title='bbox 663 1413 707 1479; x_wconf 86' lang='lat' dir='ltr'>ad</span> <span class='ocrx_word' id='word_1_56' title='bbox 729 1418 779 1480; x_wconf 84' lang='lat' dir='ltr'>tit</span> <span class='ocrx_word' id='word_1_57' title='bbox 801 1415 843 1480; x_wconf 90' lang='lat' dir='ltr'>da</span> <span class='ocrx_word' id='word_1_58' title='bbox 866 1416 980 1484; x_wconf 88' lang='lat' dir='ltr'>decim.</span> 
     </span>
    </p>
   </div>
   <div class='ocr_carea' id='block_1_4' title="bbox 288 1533 1429 2236">
    <p class='ocr_par' dir='ltr' id='par_1_5' title="bbox 288 1533 1429 2236">
     <span class='ocr_line' id='line_1_12' title="bbox 288 1533 849 1624; baseline 0.007 -26"><span class='ocrx_word' id='word_1_59' title='bbox 288 1533 457 1600; x_wconf 86' lang='lat' dir='ltr'>Parochi.</span> <span class='ocrx_word' id='word_1_60' title='bbox 500 1539 603 1598; x_wconf 76' lang='lat' dir='ltr'>Nerati</span> <span class='ocrx_word' id='word_1_61' title='bbox 625 1535 679 1602; x_wconf 91' lang='lat' dir='ltr'>dei</span> <span class='ocrx_word' id='word_1_62' title='bbox 700 1537 849 1624; x_wconf 87' lang='lat' dir='ltr'>parochi.</span> 
     </span>
     <span class='ocr_line' id='line_1_13' title="bbox 496 1639 851 1726; baseline 0.006 -27"><span class='ocrx_word' id='word_1_63' title='bbox 496 1641 598 1704; x_wconf 76' lang='lat' dir='ltr'>Beate</span> <span class='ocrx_word' id='word_1_64' title='bbox 620 1639 662 1704; x_wconf 91' lang='lat' dir='ltr'>de</span> <span class='ocrx_word' id='word_1_65' title='bbox 684 1639 851 1726; x_wconf 86' lang='lat' dir='ltr'>parochis.</span> 
     </span>
     <span class='ocr_line' id='line_1_14' title="bbox 417 1740 1429 1829; baseline 0.002 -23"><span class='ocrx_word' id='word_1_66' title='bbox 417 1740 494 1806; x_wconf 90' lang='lat' dir='ltr'>Non</span> <span class='ocrx_word' id='word_1_67' title='bbox 515 1749 593 1807; x_wconf 87' lang='lat' dir='ltr'>sunt</span> <span class='ocrx_word' id='word_1_68' title='bbox 615 1763 636 1805; x_wconf 91' lang='lat' dir='ltr'>a</span> <span class='ocrx_word' id='word_1_69' title='bbox 659 1741 795 1808; x_wconf 88' lang='lat' dir='ltr'>Christo</span> <span class='ocrx_word' id='word_1_70' title='bbox 817 1745 891 1829; x_wconf 85' lang='lat' dir='ltr'>ipso</span> <span class='ocrx_word' id='word_1_71' title='bbox 914 1745 1068 1828; x_wconf 81' lang='lat' dir='ltr'>instituti,</span> <span class='ocrx_word' id='word_1_72' title='bbox 1091 1763 1168 1809; x_wconf 86' lang='lat' dir='ltr'>narn</span> <span class='ocrx_word' id='word_1_73' title='bbox 1180 1743 1429 1829; x_wconf 85' lang='lat' dir='ltr'>distinguuntur</span> 
     </span>
     <span class='ocr_line' id='line_1_15' title="bbox 377 1844 992 1932; baseline 0.01 -25"><span class='ocrx_word' id='word_1_74' title='bbox 377 1844 421 1908; x_wconf 87' lang='lat' dir='ltr'>ab</span> <span class='ocrx_word' id='word_1_75' title='bbox 446 1848 619 1932; x_wconf 89' lang='lat' dir='ltr'>episcopis.</span> <span class='ocrx_word' id='word_1_76' title='bbox 989 1879 992 1889; x_wconf 26' lang='grc' dir='ltr'>λ</span> 
     </span>
     <span class='ocr_line' id='line_1_16' title="bbox 444 1946 903 2035; baseline 0.009 -26"><span class='ocrx_word' id='word_1_77' title='bbox 444 1951 554 2011; x_wconf 80' lang='lat' dir='ltr'>Devoti</span> <span class='ocrx_word' id='word_1_78' title='bbox 576 1949 618 2014; x_wconf 92' lang='lat' dir='ltr'>de</span> <span class='ocrx_word' id='word_1_79' title='bbox 639 1947 776 2035; x_wconf 85' lang='lat' dir='ltr'>paroch.</span> <span class='ocrx_word' id='word_1_80' title='bbox 802 1946 829 2034; x_wconf 65' lang='grc' dir='ltr'>ᾗ.</span> <span class='ocrx_word' id='word_1_81' title='bbox 852 1949 903 2014; x_wconf 84' lang='grc'>87.</span> 
     </span>
     <span class='ocr_line' id='line_1_17' title="bbox 289 2064 1426 2156; baseline 0.004 -26"><span class='ocrx_word' id='word_1_82' title='bbox 289 2064 445 2132; x_wconf 81' lang='lat' dir='ltr'>Parochi</span> <span class='ocrx_word' id='word_1_83' title='bbox 460 2101 501 2114; x_wconf 90' lang='lat'>--</span> <span class='ocrx_word' id='word_1_84' title='bbox 523 2067 723 2152; x_wconf 87' lang='lat' dir='ltr'>habituales,</span> <span class='ocrx_word' id='word_1_85' title='bbox 746 2077 823 2132; x_wconf 86' lang='lat' dir='ltr'>sunt</span> <span class='ocrx_word' id='word_1_86' title='bbox 846 2067 1003 2156; x_wconf 86' lang='lat' dir='ltr'>capitula,</span> <span class='ocrx_word' id='word_1_87' title='bbox 1025 2067 1181 2154; x_wconf 80' lang='lat' dir='ltr'>collegia,</span> <span class='ocrx_word' id='word_1_88' title='bbox 1214 2073 1426 2155; x_wconf 84' lang='lat' dir='ltr'>monasteria,</span> 
     </span>
     <span class='ocr_line' id='line_1_18' title="bbox 379 2171 806 2236; baseline -0.002 -2"><span class='ocrx_word' id='word_1_89' title='bbox 379 2171 550 2236; x_wconf 89' lang='lat' dir='ltr'>literarum</span> <span class='ocrx_word' id='word_1_90' title='bbox 561 2174 806 2236; x_wconf 82' lang='lat' dir='ltr'>universitates.</span> 
     </span>
    </p>
   </div>
   <div class='ocr_carea' id='block_1_5' title="bbox 371 2290 1426 2664">
    <p class='ocr_par' dir='ltr' id='par_1_6' title="bbox 371 2290 1426 2664">
     <span class='ocr_line' id='line_1_19' title="bbox 415 2290 1426 2380; baseline 0.004 -25"><span class='ocrx_word' id='word_1_91' title='bbox 415 2290 577 2356; x_wconf 87' lang='lat' dir='ltr'>Actuales</span> <span class='ocrx_word' id='word_1_92' title='bbox 597 2295 706 2378; x_wconf 91' lang='lat' dir='ltr'>—qui</span> <span class='ocrx_word' id='word_1_93' title='bbox 727 2291 853 2357; x_wconf 88' lang='lat' dir='ltr'>habent</span> <span class='ocrx_word' id='word_1_94' title='bbox 873 2311 986 2356; x_wconf 87' lang='lat' dir='ltr'>curam</span> <span class='ocrx_word' id='word_1_95' title='bbox 998 2293 1197 2357; x_wconf 87' lang='lat' dir='ltr'>animarum:</span> <span class='ocrx_word' id='word_1_96' title='bbox 1218 2295 1335 2358; x_wconf 87' lang='lat' dir='ltr'>vicarii</span> <span class='ocrx_word' id='word_1_97' title='bbox 1348 2315 1426 2380; x_wconf 91' lang='lat' dir='ltr'>per-</span> 
     </span>
     <span class='ocr_line' id='line_1_20' title="bbox 371 2395 1424 2482; baseline 0.001 -22"><span class='ocrx_word' id='word_1_98' title='bbox 371 2397 464 2480; x_wconf 92' lang='lat' dir='ltr'>petui</span> <span class='ocrx_word' id='word_1_99' title='bbox 487 2395 529 2460; x_wconf 89' lang='lat' dir='ltr'>ab</span> <span class='ocrx_word' id='word_1_100' title='bbox 552 2395 778 2460; x_wconf 88' lang='lat' dir='ltr'>habitualibus</span> <span class='ocrx_word' id='word_1_101' title='bbox 802 2397 904 2478; x_wconf 90' lang='lat' dir='ltr'>missi,</span> <span class='ocrx_word' id='word_1_102' title='bbox 927 2397 1042 2460; x_wconf 81' lang='lat' dir='ltr'>vinarii</span> <span class='ocrx_word' id='word_1_103' title='bbox 1056 2398 1251 2482; x_wconf 84' lang='lat' dir='ltr'>temporarii</span> <span class='ocrx_word' id='word_1_104' title='bbox 1269 2429 1310 2443; x_wconf 88' lang='lat'><em>—</em></span> <span class='ocrx_word' id='word_1_105' title='bbox 1328 2419 1424 2462; x_wconf 89' lang='lat' dir='ltr'>revo-</span> 
     </span>
     <span class='ocr_line' id='line_1_21' title="bbox 374 2497 1423 2586; baseline 0.002 -24"><span class='ocrx_word' id='word_1_106' title='bbox 374 2498 516 2580; x_wconf 86' lang='lat' dir='ltr'>cabiles,</span> <span class='ocrx_word' id='word_1_107' title='bbox 551 2499 668 2562; x_wconf 89' lang='lat' dir='ltr'>vicarii</span> <span class='ocrx_word' id='word_1_108' title='bbox 700 2497 869 2564; x_wconf 82' lang='lat' dir='ltr'>manuales</span> <span class='ocrx_word' id='word_1_109' title='bbox 907 2500 927 2562; x_wconf 92' lang='lat' dir='ltr'>i.</span> <span class='ocrx_word' id='word_1_110' title='bbox 958 2518 986 2563; x_wconf 90' lang='lat' dir='ltr'>e.</span> <span class='ocrx_word' id='word_1_111' title='bbox 1013 2508 1105 2564; x_wconf 89' lang='lat' dir='ltr'>certo</span> <span class='ocrx_word' id='word_1_112' title='bbox 1138 2506 1290 2586; x_wconf 90' lang='lat' dir='ltr'>tempore</span> <span class='ocrx_word' id='word_1_113' title='bbox 1326 2521 1423 2564; x_wconf 91' lang='lat' dir='ltr'>revo-</span> 
     </span>
     <span class='ocr_line' id='line_1_22' title="bbox 373 2600 508 2664; baseline 0.015 -2"><span class='ocrx_word' id='word_1_114' title='bbox 373 2600 508 2664; x_wconf 89' lang='lat' dir='ltr'>cabiles.</span> 
     </span>
    </p>
   </div>
   <div class='ocr_carea' id='block_1_6' title="bbox 287 2717 1422 3113">
    <p class='ocr_par' dir='ltr' id='par_1_7' title="bbox 287 2717 1422 3113">
     <span class='ocr_line' id='line_1_23' title="bbox 287 2717 1422 2810; baseline 0.003 -26"><span class='ocrx_word' id='word_1_115' title='bbox 287 2717 468 2784; x_wconf 80' lang='lat' dir='ltr'>Perochia</span> <span class='ocrx_word' id='word_1_116' title='bbox 487 2721 521 2782; x_wconf 90' lang='lat' dir='ltr'>in</span> <span class='ocrx_word' id='word_1_117' title='bbox 542 2719 628 2784; x_wconf 90' lang='lat' dir='ltr'>libro</span> <span class='ocrx_word' id='word_1_118' title='bbox 652 2719 801 2784; x_wconf 90' lang='lat' dir='ltr'>diurno</span> <span class='ocrx_word' id='word_1_119' title='bbox 825 2727 877 2785; x_wconf 88' lang='lat' dir='ltr'>est</span> <span class='ocrx_word' id='word_1_120' title='bbox 899 2723 1114 2808; x_wconf 85' lang='lat' dir='ltr'>episcopatus</span> <span class='ocrx_word' id='word_1_121' title='bbox 1145 2757 1187 2768; x_wconf 93' lang='lat'><em>-</em></span> <span class='ocrx_word' id='word_1_122' title='bbox 1218 2723 1422 2810; x_wconf 84' lang='lat' dir='ltr'>adjacens</span> 
     </span>
     <span class='ocr_line' id='line_1_24' title="bbox 375 2821 1301 2908; baseline 0.006 -23"><span class='ocrx_word' id='word_1_123' title='bbox 375 2821 537 2908; x_wconf 88' lang='lat' dir='ltr'>parochia</span> <span class='ocrx_word' id='word_1_124' title='bbox 560 2829 613 2886; x_wconf 85' lang='lat' dir='ltr'>est</span> <span class='ocrx_word' id='word_1_125' title='bbox 635 2822 778 2889; x_wconf 91' lang='lat' dir='ltr'>ecclesia</span> <span class='ocrx_word' id='word_1_126' title='bbox 802 2823 1098 2908; x_wconf 87' lang='lat' dir='ltr'>adjacentium</span> <span class='ocrx_word' id='word_1_127' title='bbox 1121 2827 1301 2892; x_wconf 87' lang='lat' dir='ltr'>civitatum.</span> 
     </span>
     <span class='ocr_line' id='line_1_25' title="bbox 314 2923 1421 3014; baseline 0.002 -27"><span class='ocrx_word' id='word_1_128' title='bbox 314 2961 318 2969; x_wconf 94' lang='lat'>·</span> <span class='ocrx_word' id='word_1_129' title='bbox 416 2923 499 2988; x_wconf 90' lang='lat' dir='ltr'>Inde</span> <span class='ocrx_word' id='word_1_130' title='bbox 527 2927 622 3013; x_wconf 84' lang='lat' dir='ltr'>origo</span> <span class='ocrx_word' id='word_1_131' title='bbox 653 2933 686 2990; x_wconf 90' lang='lat' dir='ltr'>et</span> <span class='ocrx_word' id='word_1_132' title='bbox 714 2947 916 3012; x_wconf 86' lang='lat' dir='ltr'>progressus</span> <span class='ocrx_word' id='word_1_133' title='bbox 947 2929 1088 2992; x_wconf 86' lang='lat' dir='ltr'>notionis</span> <span class='ocrx_word' id='word_1_134' title='bbox 1120 2927 1309 3014; x_wconf 87' lang='lat' dir='ltr'>parochiae.</span> <span class='ocrx_word' id='word_1_135' title='bbox 1338 2927 1421 2992; x_wconf 86' lang='lat' dir='ltr'>Lib.</span> 
     </span>
     <span class='ocr_line' id='line_1_26' title="bbox 375 3027 858 3113; baseline 0 -23"><span class='ocrx_word' id='word_1_136' title='bbox 375 3027 507 3091; x_wconf 91' lang='lat' dir='ltr'>diurn.</span> <span class='ocrx_word' id='word_1_137' title='bbox 530 3048 608 3113; x_wconf 87' lang='lat' dir='ltr'>pag.</span> <span class='ocrx_word' id='word_1_138' title='bbox 631 3027 681 3093; x_wconf 83' lang='lat'>56.</span> <span class='ocrx_word' id='word_1_139' title='bbox 703 3030 738 3094; x_wconf 87' lang='lat' dir='ltr'>in</span> <span class='ocrx_word' id='word_1_140' title='bbox 759 3030 858 3094; x_wconf 89' lang='lat' dir='ltr'>notis.</span> 
     </span>
    </p>
   </div>
   <div class='ocr_carea' id='block_1_7' title="bbox 287 3142 1423 4166">
    <p class='ocr_par' dir='ltr' id='par_1_8' title="bbox 287 3142 1423 4166">
     <span class='ocr_line' id='line_1_27' title="bbox 287 3142 711 3214; baseline 0.005 -2"><span class='ocrx_word' id='word_1_141' title='bbox 287 3142 547 3212; x_wconf 83' lang='lat' dir='ltr'>Perochiarum</span> <span class='ocrx_word' id='word_1_142' title='bbox 570 3147 711 3214; x_wconf 84' lang='lat' dir='ltr'>erectio.</span> 
     </span>
     <span class='ocr_line' id='line_1_28' title="bbox 378 3249 1423 3344; baseline 0.006 -28"><span class='ocrx_word' id='word_1_143' title='bbox 378 3315 381 3325; x_wconf 82' lang='grc'><strong>,</strong></span> <span class='ocrx_word' id='word_1_144' title='bbox 421 3249 531 3329; x_wconf 79' lang='lat' dir='ltr'>Quum</span> <span class='ocrx_word' id='word_1_145' title='bbox 553 3255 765 3318; x_wconf 85' lang='lat' dir='ltr'>monasteriis</span> <span class='ocrx_word' id='word_1_146' title='bbox 796 3253 1016 3339; x_wconf 89' lang='lat' dir='ltr'>capitulisque</span> <span class='ocrx_word' id='word_1_147' title='bbox 1046 3275 1127 3318; x_wconf 87' lang='lat' dir='ltr'>cura</span> <span class='ocrx_word' id='word_1_148' title='bbox 1156 3257 1340 3320; x_wconf 87' lang='lat' dir='ltr'>animarum</span> <span class='ocrx_word' id='word_1_149' title='bbox 1368 3277 1423 3344; x_wconf 87' lang='lat' dir='ltr'>per</span> 
     </span>
     <span class='ocr_line' id='line_1_29' title="bbox 379 3357 1423 3444; baseline 0.004 -25"><span class='ocrx_word' id='word_1_150' title='bbox 379 3361 472 3419; x_wconf 87' lang='lat' dir='ltr'>certa</span> <span class='ocrx_word' id='word_1_151' title='bbox 494 3357 664 3418; x_wconf 87' lang='lat' dir='ltr'>territoria</span> <span class='ocrx_word' id='word_1_152' title='bbox 684 3357 912 3421; x_wconf 86' lang='lat' dir='ltr'>remitteretur</span> <span class='ocrx_word' id='word_1_153' title='bbox 943 3363 977 3422; x_wconf 92' lang='lat' dir='ltr'>et</span> <span class='ocrx_word' id='word_1_154' title='bbox 1006 3357 1049 3421; x_wconf 91' lang='lat' dir='ltr'>ab</span> <span class='ocrx_word' id='word_1_155' title='bbox 1074 3360 1158 3443; x_wconf 87' lang='lat' dir='ltr'>ipsis</span> <span class='ocrx_word' id='word_1_156' title='bbox 1187 3359 1327 3444; x_wconf 85' lang='lat' dir='ltr'>parochi</span> <span class='ocrx_word' id='word_1_157' title='bbox 1348 3382 1423 3426; x_wconf 88' lang='lat' dir='ltr'>eon-</span> 
     </span>
     <span class='ocr_line' id='line_1_30' title="bbox 376 3459 1422 3548; baseline 0.003 -26"><span class='ocrx_word' id='word_1_158' title='bbox 376 3459 603 3533; x_wconf 75' lang='lat' dir='ltr'>stituerentur‚</span> <span class='ocrx_word' id='word_1_159' title='bbox 626 3461 830 3524; x_wconf 86' lang='lat' dir='ltr'>monasterie</span> <span class='ocrx_word' id='word_1_160' title='bbox 853 3467 887 3523; x_wconf 90' lang='lat' dir='ltr'>et</span> <span class='ocrx_word' id='word_1_161' title='bbox 910 3460 1047 3546; x_wconf 87' lang='lat' dir='ltr'>capituli</span> <span class='ocrx_word' id='word_1_162' title='bbox 1057 3461 1198 3546; x_wconf 90' lang='lat' dir='ltr'>parochi</span> <span class='ocrx_word' id='word_1_163' title='bbox 1219 3464 1285 3548; x_wconf 90' lang='lat' dir='ltr'>ipsi</span> <span class='ocrx_word' id='word_1_164' title='bbox 1302 3463 1422 3527; x_wconf 90' lang='lat' dir='ltr'>fiebant</span> 
     </span>
     <span class='ocr_line' id='line_1_31' title="bbox 380 3563 1421 3648; baseline 0.006 -24"><span class='ocrx_word' id='word_1_165' title='bbox 380 3567 412 3624; x_wconf 88' lang='lat' dir='ltr'>et</span> <span class='ocrx_word' id='word_1_166' title='bbox 436 3579 508 3624; x_wconf 89' lang='lat' dir='ltr'>cum</span> <span class='ocrx_word' id='word_1_167' title='bbox 529 3563 690 3626; x_wconf 89' lang='lat' dir='ltr'>vicarium</span> <span class='ocrx_word' id='word_1_168' title='bbox 712 3570 910 3648; x_wconf 89' lang='lat' dir='ltr'>perpetuum</span> <span class='ocrx_word' id='word_1_169' title='bbox 929 3563 986 3628; x_wconf 82' lang='lat' dir='ltr'>ad</span> <span class='ocrx_word' id='word_1_170' title='bbox 1007 3584 1119 3630; x_wconf 86' lang='lat' dir='ltr'>euram</span> <span class='ocrx_word' id='word_1_171' title='bbox 1139 3567 1272 3632; x_wconf 87' lang='lat' dir='ltr'>mittere</span> <span class='ocrx_word' id='word_1_172' title='bbox 1293 3567 1421 3648; x_wconf 85' lang='lat' dir='ltr'>vellent,</span> 
     </span>
     <span class='ocr_line' id='line_1_32' title="bbox 373 3663 985 3753; baseline 0.003 -25"><span class='ocrx_word' id='word_1_173' title='bbox 373 3663 512 3750; x_wconf 87' lang='lat' dir='ltr'>parochi</span> <span class='ocrx_word' id='word_1_174' title='bbox 534 3667 693 3751; x_wconf 90' lang='lat' dir='ltr'>primitivi</span> <span class='ocrx_word' id='word_1_175' title='bbox 715 3665 877 3753; x_wconf 89' lang='lat' dir='ltr'>appellati</span> <span class='ocrx_word' id='word_1_176' title='bbox 899 3675 985 3734; x_wconf 87' lang='lat' dir='ltr'>sunt.</span> 
     </span>
     <span class='ocr_line' id='line_1_33' title="bbox 416 3761 1421 3858; baseline 0.001 -24"><span class='ocrx_word' id='word_1_177' title='bbox 416 3765 742 3854; x_wconf 85' lang='lat' dir='ltr'>Ohorepisooporum</span> <span class='ocrx_word' id='word_1_178' title='bbox 773 3791 906 3856; x_wconf 92' lang='lat' dir='ltr'>quoque</span> <span class='ocrx_word' id='word_1_179' title='bbox 927 3761 1095 3836; x_wconf 84' lang='lat' dir='ltr'>territoria</span> <span class='ocrx_word' id='word_1_180' title='bbox 1118 3771 1300 3858; x_wconf 88' lang='lat' dir='ltr'>parochiae</span> <span class='ocrx_word' id='word_1_181' title='bbox 1323 3779 1421 3838; x_wconf 87' lang='lat' dir='ltr'>erant·</span> 
     </span>
     <span class='ocr_line' id='line_1_34' title="bbox 417 3871 1423 3962; baseline 0.004 -26"><span class='ocrx_word' id='word_1_182' title='bbox 417 3871 570 3956; x_wconf 88' lang='lat' dir='ltr'>Denique</span> <span class='ocrx_word' id='word_1_183' title='bbox 593 3873 744 3958; x_wconf 84' lang='lat' dir='ltr'>episcopi</span> <span class='ocrx_word' id='word_1_184' title='bbox 765 3873 929 3960; x_wconf 86' lang='lat' dir='ltr'>parochos</span> <span class='ocrx_word' id='word_1_185' title='bbox 961 3875 1165 3944; x_wconf 82' lang='lat' dir='ltr'>emittebant.</span> <span class='ocrx_word' id='word_1_186' title='bbox 1208 3877 1313 3942; x_wconf 84' lang='lat' dir='ltr'>Hisce</span> <span class='ocrx_word' id='word_1_187' title='bbox 1336 3879 1423 3962; x_wconf 91' lang='lat' dir='ltr'>epis·</span> 
     </span>
     <span class='ocr_line' id='line_1_35' title="bbox 373 3976 1422 4066; baseline 0.004 -28"><span class='ocrx_word' id='word_1_188' title='bbox 373 3981 513 4060; x_wconf 86' lang='lat' dir='ltr'>copatus</span> <span class='ocrx_word' id='word_1_189' title='bbox 537 3976 737 4040; x_wconf 84' lang='lat' dir='ltr'>stationibus</span> <span class='ocrx_word' id='word_1_190' title='bbox 759 3977 1005 4064; x_wconf 85' lang='lat' dir='ltr'>responderunt</span> <span class='ocrx_word' id='word_1_191' title='bbox 1025 3979 1181 4065; x_wconf 85' lang='lat' dir='ltr'>plebes</span> <span class='ocrx_word' id='word_1_192' title='bbox 1203 3979 1348 4066; x_wconf 85' lang='lat' dir='ltr'>ideoque</span> <span class='ocrx_word' id='word_1_193' title='bbox 1363 4000 1422 4066; x_wconf 87' lang='lat' dir='ltr'>pa-</span> 
     </span>
     <span class='ocr_line' id='line_1_36' title="bbox 372 4076 901 4166; baseline 0.015 -26"><span class='ocrx_word' id='word_1_194' title='bbox 372 4076 636 4144; x_wconf 83' lang='lat' dir='ltr'>rochuenomen</span> <span class='ocrx_word' id='word_1_195' title='bbox 658 4079 733 4144; x_wconf 88' lang='lat' dir='ltr'>tulit</span> <span class='ocrx_word' id='word_1_196' title='bbox 756 4079 901 4166; x_wconf 89' lang='lat' dir='ltr'>plebani.</span> 
     </span>
    </p>
   </div>
   <div class='ocr_carea' id='block_1_8' title="bbox 283 4186 1424 4408">
    <p class='ocr_par' dir='ltr' id='par_1_9' title="bbox 283 4186 1424 4408">
     <span class='ocr_line' id='line_1_37' title="bbox 283 4186 1424 4290; baseline 0.004 -28"><span class='ocrx_word' id='word_1_197' title='bbox 283 4196 473 4262; x_wconf 83' lang='lat' dir='ltr'>Parochus</span> <span class='ocrx_word' id='word_1_198' title='bbox 495 4197 668 4284; x_wconf 82' lang='lat' dir='ltr'>proprius</span> <span class='ocrx_word' id='word_1_199' title='bbox 684 4203 704 4265; x_wconf 89' lang='lat' dir='ltr'>i.</span> <span class='ocrx_word' id='word_1_200' title='bbox 728 4221 754 4268; x_wconf 93' lang='lat' dir='ltr'>e.</span> <span class='ocrx_word' id='word_1_201' title='bbox 780 4211 972 4289; x_wconf 89' lang='lat' dir='ltr'>competens</span> <span class='ocrx_word' id='word_1_202' title='bbox 996 4186 1254 4288; x_wconf 82' lang='lat' dir='ltr'>eodemmodo,</span> <span class='ocrx_word' id='word_1_203' title='bbox 1286 4223 1353 4290; x_wconf 90' lang='lat' dir='ltr'>quc</span> <span class='ocrx_word' id='word_1_204' title='bbox 1376 4209 1424 4268; x_wconf 91' lang='lat' dir='ltr'>est</span> 
     </span>
     <span class='ocr_line' id='line_1_38' title="bbox 368 4300 1424 4408; baseline 0.006 -43"><span class='ocrx_word' id='word_1_205' title='bbox 368 4300 484 4390; x_wconf 29' lang='lat' dir='ltr'>judex,</span> <span class='ocrx_word' id='word_1_206' title='bbox 497 4303 552 4367; x_wconf 91' lang='lat' dir='ltr'>vel</span> <span class='ocrx_word' id='word_1_207' title='bbox 572 4303 681 4370; x_wconf 86' lang='lat' dir='ltr'>forum</span> <span class='ocrx_word' id='word_1_208' title='bbox 705 4313 912 4392; x_wconf 86' lang='lat' dir='ltr'>competens:</span> <span class='ocrx_word' id='word_1_209' title='bbox 933 4306 1099 4393; x_wconf 82' lang='lat' dir='ltr'>parochus</span> <span class='ocrx_word' id='word_1_210' title='bbox 1129 4310 1287 4394; x_wconf 89' lang='lat' dir='ltr'>proprius</span> <span class='ocrx_word' id='word_1_211' title='bbox 1302 4305 1424 4408; x_wconf 21' lang='lat' dir='ltr'>ionad-</span> 
     </span>
    </p>
   </div>
   <div class='ocr_carea' id='block_1_9' title="bbox 0 0 1544 5147">
    <p class='ocr_par' dir='ltr' id='par_1_10' title="bbox 0 0 1544 5147">
     <span class='ocr_line' id='line_1_39' title="bbox 0 0 1544 5147; baseline 0 0"><span class='ocrx_word' id='word_1_212' title='bbox 0 0 1544 5147; x_wconf 95' lang='lat' dir='ltr'> </span> 
     </span>
    </p>
   </div>
  </div>
 </body>
</html>
