3108 5138
591 393 633 409 ..
677 355 805 426 21'-

203 536 350 612 atracio
371 531 418 598 ad
438 552 509 618 reg.
533 535 584 598 72.
608 531 837 600 Oancellariae
859 531 1066 619 apostolicae
1089 533 1260 618 Regens

204 637 251 700 ibi
273 657 408 722 quoque
424 636 602 722 explicitus
626 643 694 715 est:
716 635 793 702 Vid.
822 635 940 700 eodem
956 633 1033 701 loco
1049 635 1260 720 „Cardinalis

203 739 526 804 vicecancellariue“
549 743 584 803 in
600 739 722 804 indice:
746 739 1040 824 deniqueFerrario
1063 738 1129 824 (ed.
1144 740 1260 825 Corin.)

116 840 358 906 cancellariae
370 842 526 926 regulae,
551 840 585 925 a)
598 863 712 908 earum
734 841 874 906 historia
887 847 966 906 ante
978 845 1128 906 Jocnnem
1140 843 1260 909 XXII.

203 953 238 1010 et
261 942 442 1010 Concilium
454 942 723 1020 constantiense,
747 950 825 1031 post
838 947 995 1007 Joaunem
1009 944 1128 1010 XXII.
1151 967 1260 1031 usque

203 1047 248 1110 ad
269 1051 360 1110 Pium
380 1046 444 1112 IX.
482 1046 520 1131 b)
543 1047 634 1134 quod
657 1049 775 1111 attinet
805 1045 849 1109 ad
872 1045 1095 1112 concordata:
1123 1055 1187 1112 art.
1210 1050 1260 1114 71.

204 1147 238 1233 c)
268 1152 453 1234 scriptores
484 1153 728 1236 -praecipue
760 1153 938 1228 1119001100,
970 1151 1027 1234 qui
1056 1169 1121 1214 non
1151 1150 1259 1214 solum

202 1253 453 1316 accuratissime
475 1259 630 1318 naturam
652 1251 860 1336 singularum
881 1249 1072 1336 regularum
1086 1251 1258 1336 explicuit,

201 1355 264 1422 sed
287 1355 328 1420 de
350 1358 523 1442 principiis
543 1357 629 1442 juris
654 1358 802 1420 canonici
825 1374 1006 1440 eorumque
1029 1354 1256 1440 applicatione

201 1459 327 1545 ubique
349 1461 428 1544 agit.
473 1458 509 1544 d)
532 1480 612 1546 pars
637 1459 846 1546 dogmatica:
876 1465 953 1522 8001
984 1460 1121 1544 propria
1144 1461 1259 1544 ponti-

200 1562 275 1626 ficis
293 1561 381 1647 jura,
405 1564 547 1650 quaein
568 1561 632 1626 hoc
654 1562 765 1626 edicto
782 1561 1105 1626 circumscribuntur.
1129 1559 1259 1629 Eadem

200 1667 284 1751 ipsis
307 1665 358 1728 vis
382 1671 444 1745 est,
467 1684 554 1749 quae
576 1666 743 1750 praetoris
766 1663 909 1728 Romani
932 1663 1050 1728 edicto.

119 1767 342 1834 candelabra
365 1801 406 1812 -
430 1787 450 1830 a
474 1766 675 1832 candela-
699 1766 835 1832 lucerna
854 1765 994 1832 olearia:
1018 1785 1160 1830 accensa
1176 1787 1259 1830 000-

123 1870 384 2036 eanddlllldin
406 1975 426 2037 i.
450 1993 478 2036 e.
503 1971 665 2037 cathedra
687 1972 741 2037 vel
764 1971 862 2037 sedes
885 1973 941 2037 vel
967 1972 1124 2059 dignitas.
1147 1972 1191 2058 gl.
1214 1963 1266 2038 011

204 2098 233 2144 c.
255 2079 298 2141 40
322 2076 363 2142 de
385 2079 508 2163 poenit.
532 2076 607 2142 dist.
631 2077 659 2138 2.
683 2097 727 2140 ex
752 2076 802 2140 ed.
825 2075 943 2142 Venet.
969 2076 1062 2142 1615.
1085 2096 1117 2161 p.
1142 2075 1235 2142 1625.

120 2178 313 2260 candidus,
338 2186 371 2246 ct
395 2177 622 2244 811008100-
645 2179 858 2265 appellantur
887 2181 979 2244 servi
1008 2181 1257 2262 originarii,

200 2281 394 2366 originales,
407 2284 519 2368 quiex
531 2284 704 2368 mancipiis
716 2282 819 2346 fundo
832 2281 974 2346 addictis
988 2283 1059 2344 nati
1073 2289 1107 2346 01
1126 2285 1257 2348 ratione

199 2387 338 2470 originis
359 2405 440 2472 pars
463 2384 584 2470 glebae
607 2392 712 2450 erant.
756 2382 912 2450 Edictum
936 2387 1111 2446 1100000101
1133 2406 1159 2449 0.
1185 2387 1256 2448 142.

201 2486 468 2574 Opponebantur
500 2489 570 2552 sine
603 2487 704 2552 dubio
727 2489 835 2552 servis
863 2489 1038 2552 noviter
1072 2490 1256 2574 acquisitis.

199 2611 227 2654 c.
253 2591 301 2654 11.
327 2590 375 2654 12.
399 2591 450 2656 21.
472 2589 549 2658 (1181.
572 2589 622 2656 54.

122 2690 242 2758 canon

157 2793 191 2880 a)
215 2815 360 2861 canones
397 2795 559 2862 ecclesiae
605 2799 717 2864 scita
760 2798 980 2862 nominantur.
1039 2795 1095 2862 Ab
1127 2799 1256 2884 origine

199 2899 431 2964 tantummodo
454 2899 630 2966 verbum
651 2898 860 2964 traditum
879 2920 1006 2964 canone
1037 2901 1256 2986 comprehen-

199 3002 352 3086 debatur,
375 3022 452 3065 nam
474 3023 561 3088 quae
582 3001 739 3088 Apostoli
758 3023 778 3065 a
809 3000 937 3067 Christi
964 3023 1022 3068 ore
1045 3011 1264 3090 acceperant,

203 3104 323 3169 eadem
354 3104 402 3168 illi
434 3105 590 3189 gentibus
633 3125 691 3168 ore
724 3103 904 3169 tradidere.
960 3103 1148 3190 Evangelia
1179 3113 1256 3170 sunt

197 3210 455 3272 testimonia
476 3207 637 3272 ecclesiae
661 3206 757 3270 simul
780 3227 854 3270 eum
874 3207 980 3272 verbo
1010 3207 1152 3272 tradito:
1182 3215 1255 3272 tra-

198 3311 280 3376 ditio
304 3312 389 3374 enim
412 3329 455 3374 ex
479 3330 537 3374 ore
553 3307 679 3374 Christi
695 3315 770 3374 orta
790 3317 990 3374 conservata
1007 3317 1059 3376 est
1075 3331 1136 3397 per
1152 3331 1256 3396 apos-

198 3413 286 3479 10108
303 3420 337 3477 01
352 3412 528 3478 eeclesiam
537 3436 546 3496 ;
562 3411 639 3476 inde
651 3410 788 3476 traditio
805 3410 979 3476 dividitur:
1002 3409 1037 3495 a)
1060 3414 1093 3475 in
1109 3411 1255 3476 divinam

197 3516 235 3602 b)
259 3517 495 3604 apostolicam,
520 3513 553 3599 c)
582 3516 850 3583 ecclesiasticam.
896 3515 1051 3580 Traditio
1076 3523 1128 3579 081
1150 3536 1252 3582 00080

199 3621 347 3686 efficiens
385 3621 595 3684 auctoritatis
633 3620 832 3686 intrinsecae
871 3639 1043 3684 sacrarum
1080 3617 1253 3684 literarum

198 3731 233 3790 et
255 3723 388 3810 quidem
410 3730 570 3808 tanquam
593 3721 821 3788 ecclesiastica
843 3728 922 3808 post
944 3730 1100 3808 quartum
1134 3743 1256 3787 saecu-

161 3897 174 3906 ,
197 3827 265 3891 lum
293 3825 476 3910 divulgata.
521 3824 587 3892 Sed
617 3847 682 3890 000
714 3846 826 3892 omnes
855 3825 969 3892 literas
1001 3846 1134 3910 sacrae,
1165 3847 1252 3912 quae

197 3930 273 3994 inde
296 3929 566 4014 divulgarentur,
591 3950 667 3995 esse
697 3931 874 3994 canonicas
903 3931 1060 4016 reperies.
1104 3927 1251 4016 Exque

198 4054 300 4097 causa
316 4032 517 4117 complexus¹
541 4053 712 4096 sacrarum
734 4031 915 4111 literarum,
938 4052 1025 4118 quae
1049 4032 1092 4096 ab
1111 4032 1252 4098 ecclesia

200 4135 438 4221 diequisatione
475 4135 589 4200 habita
626 4133 835 4221 approbatae
874 4141 951 4199 sunt
984 4169 1026 4182 —-
1059 4135 1249 4222 appellatur

200 4259 339 4302 canon.

238 4344 359 4410 Tertull.
380 4361 528 4434 praescr.
551 4339 743 4412 XXXVII·
765 4343 871 4413 auset.
892 4341 969 4412 hist.
991 4341 1050 4412 ΠΙ-
1066 4343 1116 4410 24.
1140 4346 1248 4407 Hiero·
