3080 5150
563 387 799 460 -105-

174 565 315 634 vfontes
344 573 422 634 sunt
451 569 577 652 omnia,
611 585 698 654 quae
726 567 895 652 pertinent
925 563 970 630 ad
999 563 1254 654 philosophiam,

202 670 407 758 theologiam
459 679 493 737 st
527 669 824 760 jurisprudentism
865 667 1025 736 eeclesiae
1059 667 1254 738 catholicae.

203 777 344 838 serrare
367 796 392 840 s.
415 797 446 839 v.
464 775 530 861 jus.

104 897 190 962 Lex
212 903 266 962 est
287 893 494 982 quintuplex.

205 996 268 1064 Jus
292 1000 392 1064 etiam
405 997 609 1086 quintuplex.
633 997 731 1084 glad
746 1018 773 1063 c.
786 999 814 1063 1.
837 1006 966 1065 extrav.
980 1017 1093 1065 comm.
1108 995 1151 1064 de
1174 995 1251 1064 dolo

208 1110 244 1168 et
266 1109 405 1168 contum.

105 1221 399 1309 Lexioograpbia‘
430 1232 464 1290 et
491 1243 546 1290 res
574 1223 732 1289 literaria.
783 1223 897 1288 Medio
930 1244 1015 1290 aevo
1037 1223 1257 1304 vocabulario

210 1326 485 1413 concipiebantur
507 1347 552 1392 ex
568 1325 739 1392 vocabulis
762 1329 936 1413 utriusque
954 1327 1047 1412 juris.
1091 1324 1256 1412 Neglecto

206 1435 318 1494 autem
336 1429 414 1514 jure
444 1427 613 1495 Canonioo
646 1431 826 1518 praecipue
855 1431 890 1494 in
918 1431 1017 1494 terris
1049 1426 1255 1494 Germanicis

206 1531 458 1620 Lexicographi
481 1532 599 1618 adjus
627 1531 815 1598 Romanum
842 1532 1021 1616 fontesque
1049 1533 1180 1597 noviter
1200 1553 1257 1598 re-

209 1643 326 1722 pertos
356 1633 461 1700 alacri
491 1634 603 1700 studio
634 1643 888 1718 concurrerunt;
926 1635 988 1700 sed
1023 1653 1078 1700 res
1108 1632 1257 1700 literaria

201 1739 287 1824 juris
300 1735 459 1803 Canonici
469 1740 661 1824 neutiquam
673 1737 843 1823 gaudebat
857 1737 947 1803 hisce
958 1737 1157 1822 fautoribus,
1179 1737 1258 1803 licet

205 1841 345 1906 scientia
366 1847 437 1905 tum
466 1843 599 1926 scriptis
622 1843 849 1907 recentissime
864 1861 908 1906 ex
930 1842 1163 1926 manuscriptis
1175 1861 1257 1926 pro-

204 1945 322 2009 tractis
335 1952 370 2010 et
391 1942 490 2010 editis
512 1964 579 2009 una
601 1965 675 2008 cum
696 1943 837 2009 historia
855 1945 904 2010 rei
914 1942 1083 2010 literariae
1104 1942 1257 2029 locuple-

208 2049 274 2114 tior
296 2047 367 2113 fere
388 2047 481 2111 facta
503 2049 558 2132 sit,
580 2068 681 2133 quam
702 2049 737 2111 in
757 2046 868 2112 literis
881 2048 966 2133 juris
988 2046 1140 2111 Romani.

116 2165 314 2234 Libellatici
334 2174 422 2252 sunt,
445 2170 503 2253 qui
523 2169 762 2254 persecutionis
792 2175 942 2255 tempore
971 2165 1072 2232 fidem
1099 2164 1258 2232 christia-

205 2290 283 2336 nam
305 2269 639 2356 abnegaruntz-ad
661 2289 767 2355 genus
789 2270 1013 2357 lapsorum
1034 2269 1258 2334 numeraban-

207 2379 271 2438 tur.
295 2393 321 2438 c.
344 2373 395 2438 47.
419 2371 457 2438 0.
478 2371 615 2440 XXIII.
639 2371 680 2438 de
701 2374 825 2459 poenit.
848 2371 924 2438 dist.
949 2373 978 2436 l.
999 2370 1040 2436 V.
1062 2370 1207 2456 Lapsua.

119 2491 409 2559 libellaticorum
438 2495 504 2557 tria
533 2513 673 2579 genera,
695 2495 753 2580 qui
781 2491 881 2558 fidem
910 2499 1047 2578 negant,
1068 2489 1124 2556 vel
1142 2489 1256 2577 palam

207 2595 360 2682 profiteri
389 2616 456 2661 non
486 2595 627 2676 audent,
649 2595 705 2661 vel
732 2595 875 2661 latitant.
919 2597 1032 2660 Bencd.
1053 2592 1151 2662 XIV.
1175 2591 1208 2660 d.
1229 2613 1255 2658 s.

212 2695 643 2783 dffifflcfflbst

118 2818 278 2886 Libellus
300 2819 449 2884 actionis.

249 2918 327 2987 Jam
345 2919 643 3005 jureJustinianeo
666 2923 874 3008 antiquatum
895 2927 968 2986 erat
988 2927 1086 2986 vetus
1109 2927 1258 3006 systema

207 3027 383 3090 actionum.
426 3023 482 3088 Ab
505 3026 632 3109 origine
655 3032 751 3090 erant
779 3027 927 3090 actiones
955 3023 1011 3090 vel
1040 3025 1149 3089 stricti
1172 3023 1257 3108 juris

206 3126 260 3192 vel
281 3125 389 3192 bonae
418 3125 497 3191 fidei
513 3128 547 3190 iu
571 3128 648 3212 jure
679 3126 927 3212 obligationum,
958 3133 992 3191 ct
1021 3134 1190 3192 taceamus
1213 3122 1257 3190 de

208 3231 395 3296 actionibus
417 3231 452 3294 in
472 3251 541 3295 rem
563 3209 617 3297 vll
639 3231 834 3295 arbitrariis.
876 3228 1038 3294 Actiones
1057 3229 1165 3293 stricti
1170 3228 1257 3312 juris

206 3332 463 3420 appellabantur
491 3333 714 3399 condictiones
738 3333 794 3399 vel
815 3335 897 3398 certi
917 3332 973 3397 vel
993 3333 1120 3396 incerti.
1165 3328 1259 3396 Certi

208 3435 374 3501 dabantur
397 3434 442 3500 ad
459 3437 724 3502 constituendum
732 3437 788 3522 jus
803 3433 1061 3520 inre-(dare),
1083 3432 1258 3520 profectae

207 3545 285 3605 sunt
306 3537 361 3604 vel
384 3557 428 3604 ex
450 3541 593 3624 negotiis
617 3538 808 3605 solennibus
839 3560 866 3604 e.
889 3559 920 3623 g.
943 3536 1114 3623 stipulatu,
1136 3534 1191 3601 vel
1213 3555 1258 3601 ex
1375 3627 1377 3633 Ι

207 3661 310 3707 causa
332 3641 540 3726 restituendi,
563 3651 601 3708 ut
623 3642 788 3710 condictio
811 3645 882 3707 sine
905 3661 1008 3706 causa
1034 3637 1200 3726 generalis
1222 3645 1278 3705 et‘

206 3743 369 3830 specialis.
414 3743 498 3810 Jure
528 3737 686 3811 ednouico
720 3766 834 3811 omnes
866 3748 1013 3810 actiones
1043 3749 1120 3808 sunt
1148 3741 1258 3808 bonae

206 3846 295 3912 fidei.
318 3869 344 3912 c.
368 3848 396 3912 6.
418 3847 465 3913 Χ.
487 3847 529 3913 ΙΙ.
547 3849 575 3914 1.
620 3847 829 3915 Vocabulum
849 3846 972 3934 „dare“
994 3849 1029 3910 in
1051 3867 1151 3913 sensu
1167 3847 1258 3912 auti-

209 3971 276 4037 quo
295 3952 539 4037 juristromani
556 3952 680 4018 nullam
710 3953 812 4019 habet
840 3955 906 4016 vim
936 3987 988 4033 -,
1010 3953 1257 4037 possessionem

207 4053 344 4120 tradere
373 4054 497 4142 ubique
527 4056 669 4139 sufficit,
701 4077 814 4122 omnes
845 4059 993 4120 actiones
1023 4061 1178 4141 spectant
1212 4052 1258 4120 ad

206 4155 416 4240 tradendum,
440 4157 530 4244 quod
554 4157 713 4225 Germani
744 4167 778 4223 et
802 4157 891 4225 Galli
920 4178 1055 4244 quoque
1084 4156 1257 4245 appellant

206 4258 480 4345 geben-donner,
502 4259 557 4327 vel
580 4262 624 4326 ad
645 4260 885 4349 praestandum
912 4263 965 4346 id,
993 4261 1084 4351 quod
1106 4264 1254 4327 interest.

116 4364 279 4437 Libellus
302 4363 465 4453 officialis,
488 4387 519 4434 v.
539 4367 688 4434 Missale.
