3088 5140
751 409 796 428 -
840 375 903 444 itt
947 407 993 428 ·-

304 547 521 628 summetur,
545 548 617 634 ejus
637 547 780 614 officium
797 549 1013 614 consitutum
1025 547 1068 614 ab
1080 545 1328 614 ainardi-ovi.
1340 555 1450 615 const

391 654 444 735 ,in
467 651 652 718 eminenti.“

304 755 422 840 Super
444 753 622 822 ordinatio
645 787 687 804 -
710 775 751 822 ne
773 753 882 820 nullus
896 757 1030 820 vivente
1045 757 1205 842 episcopo
1221 755 1308 820 adue
1324 774 1451 840 super-

392 866 537 945 ponatur
567 865 625 926 ant
655 857 890 924 subordinatur
919 859 1116 944 episcopus,
1145 859 1208 922 nisi
1236 859 1385 924 forsitan
1416 861 1451 920 in

390 961 462 1046 ejus
485 960 604 1042 locum,
626 979 724 1046 quam
747 959 900 1046 capitalis
923 958 1022 1046 culpa
1043 960 1214 1044 dejecerit.

304 1062 561 1148 superpellicio
584 1063 702 1130 subtus
726 1067 882 1128 amictum
903 1062 959 1128 rel
971 1063 1088 1128 subtus
1101 1062 1211 1130 albam
1234 1058 1290 1128 rel
1311 1062 1451 1130 stolam.

389 1170 503 1250 Bared.
526 1165 622 1234 XIV.
647 1165 677 1230 d.
701 1187 726 1230 s.
750 1165 781 1230 d.
804 1166 860 1232 tib.
884 1165 943 1230 111.
964 1167 1007 1230 tit
1038 1165 1102 1232 XI.
1124 1169 1226 1232 nrt

296 1267 541 1359 ,superposita
563 1271 583 1332 i.
606 1289 632 1334 e.
656 1270 850 1336 exactiones
874 1267 1226 1334 exterminantes.
1248 1272 1289 1334 H.
1311 1271 1452 1332 nonme

390 1371 435 1441 ad
457 1373 589 1440 Decret-
611 1393 643 1458 p.
667 1373 739 1440 666.
762 1379 829 1438 not.
852 1370 903 1438 37.

305 1474 555 1560 Superpositio
578 1479 611 1540 in
629 1475 776 1560 jejuniis,
800 1477 857 1560 qui
878 1473 953 1560 plus
976 1475 1076 1558 facit,
1106 1494 1207 1561 quam
1230 1476 1363 1560 justum
1388 1483 1452 1540 est.

393 1583 505 1662 Hefete,
528 1577 812 1665 Conciliengesch.
835 1577 860 1644 Ι.
882 1599 913 1664 p.
939 1577 1010 1642 136.

308 1679 582 1765 superstitionis
604 1683 752 1770 species:
782 1679 942 1746 dimnatio
974 1687 1009 1745 et
1031 1681 1103 1766 ejus
1126 1684 1272 1767 species,
1294 1685 1453 1768 praesti-

390 1787 490 1874 gium,
501 1787 738 1868 necromantia,
754 1785 952 1870 geomantia,
968 1783 1213 1868 hydromantia,
1228 1788 1452 1868 aeromantia,

389 1890 612 1978 pyromantia,
636 1888 862 1970 chiromantia,
885 1890 1149 1974 metoposcopia,
1172 1886 1451 1974 spatulomantia,

390 1992 621 2078 pedomantia,
658 1990 930 2076 physiognomia,
966 1993 1208 2074 cniromantia,
1253 1991 1450 2078 astrologia

387 2094 575 2182 ,iudiciaria
596 2093 769 2182 pythonia,
791 2097 976 2180 augurium,
1000 2115 1105 2178 omen,
1129 2096 1340 2180 aruspicium,
1366 2115 1451 2160 ora-

389 2198 508 2281 culum,
531 2197 749 2284 sortilegium.

457 2304 598 2368 Ferraria
619 2323 644 2366 s.
666 2323 698 2365 v.
720 2303 926 2388 superstitio.

291 2399 543 2488 ¹Suseeptores
565 2407 585 2468 i.
609 2426 636 2469 e.
659 2406 783 2494 patrini
811 2402 854 2467 ad
876 2402 1087 2492 baptismum.
1124 2409 1154 2468 J.
1180 2409 1219 2468 Η.
1241 2407 1381 2466 Bitmer
1406 2403 1449 2468 ad

389 2507 487 2581 Deer.
514 2529 545 2596 p.
570 2507 662 2574 1193.
684 2514 751 2571 not.
776 2507 804 2572 2.

303 2609 503 2694 Suspensio
527 2611 569 2674 ab
593 2609 705 2674 officio
729 2617 762 2676 et
784 2631 804 2674 a
833 2609 996 2677 beneficio
1030 2619 1082 2677 est
1110 2632 1185 2677 cum
1214 2613 1450 2677 excommuni-

389 2715 520 2777 catione
542 2711 768 2799 eomparanda
790 2713 879 2778 latae
901 2713 1137 2782 reiterandae
1160 2714 1357 2780 sententiae.

431 2816 547 2880 Poena
568 2814 724 2880 violantis
747 2818 999 2902 suspensionem
1022 2823 1074 2882 est
1103 2815 1343 2902 irregularitas.
1397 2816 1450 2881 De

388 2918 440 2981 his
470 2918 570 2983 rebus
602 2921 738 3004 egregie
768 2925 907 3002 tractat,
930 2927 1000 2983 tam
1031 2919 1073 2984 de
1104 2920 1450 2985 excommunicatione

390 3041 490 3107 quam
512 3020 555 3086 da
577 3023 795 3107 suspensione
947 3027 954 3038 “

457 3126 559 3187 Kotor
579 3127 612 3188 in
636 3124 761 3212 epham.
778 3123 921 3209 Tubing.
941 3145 1046 3190 annus
1057 3123 1240 3209 XXXIX,
1263 3131 1295 3191 et
1318 3127 1448 3212 inopp.
1527 3137 1528 3182 ἰ

499 3229 558 3294 der
576 3227 814 3296 Kirahanbann
835 3228 903 3293 und
926 3227 979 3294 dio
1001 3225 1215 3315 Suspensiou.
1527 3205 1528 3230 ¹

308 3330 564 3417 §aspersionis
586 3335 727 3419 specics.
749 3331 794 3416 gl.
816 3331 859 3396 ad
883 3331 976 3397 clem.
998 3332 1030 3397 6.
1051 3331 1091 3396 V.
1114 3333 1143 3397 8.
1197 3371 1202 3378 -

304 3434 518 3503 Susurratio
540 3443 593 3500 est
615 3433 788 3501 detractio.
831 3436 972 3497 Ferraria
1003 3434 1047 3500 ad
1076 3458 1108 3501 v.
1140 3435 1305 3502 detractio
1334 3443 1401 3502 art.
1421 3438 1449 3501 1.

289 3601 290 3609 ,
388 3563 435 3605 nr.
460 3542 510 3606 10.
533 3572 573 3586 --
596 3538 709 3604 Pravo
732 3537 901 3604 oblocutio
925 3538 968 3603 de
988 3541 1142 3624 proximo
1165 3537 1211 3603 ad
1231 3539 1359 3625 injuste
1378 3538 1450 3604 tol-

389 3642 523 3708 lendam
545 3643 724 3715 amicitiam
746 3641 854 3726 ipsius
876 3659 949 3705 oum
972 3640 1064 3725 aliis,
1094 3640 1368 3726 discordiamque
1391 3663 1449 3707 se-
1526 3683 1527 3730 ,

388 3745 577 3816 minandum
593 3745 695 3830 juxta
721 3742 805 3808 illud
827 3742 1060 3813 Ecclesiastici
1082 3745 1123 3809 is
1156 3763 1311 3828 ,ensurm
1335 3752 1371 3810 et
1394 3744 1449 3810 bi·
1526 3731 1527 3762 ¹

388 3848 510 3934 linquis
532 3845 762 3912 maledictus.“

304 3950 516 4031 Symbolum
541 3987 579 3996 -
604 3951 779 4029 Ruppreclt
800 3952 833 4012 in
855 3958 922 4014 not.
945 3949 1061 4016 histor.
1084 3951 1130 4016 ad
1150 3950 1234 4018 titul.
1252 3951 1301 4016 de
1314 3970 1447 4018 summa

387 4057 536 4128 trinitate
558 4060 592 4123 et
621 4053 688 4124 fide
711 4051 799 4122 cath·
822 4051 865 4120 de
887 4053 1039 4138 symbolo
1059 4053 1258 4140 apostolico,
1281 4054 1448 4136 Nicaeno,

390 4153 770 4241 Constantinopolitano,
792 4153 980 4238 Athanasii,
1002 4156 1232 4240 Laterancnsi,
1254 4155 1448 4235 Viennensi,

389 4256 583 4331 Florentino
606 4258 650 4340 (v.
672 4255 832 4344 filioque),
856 4259 1061 4329 Tridentino.
1082 4259 1264 4330 Dcriratur
1285 4259 1330 4327 alr
1345 4259 1447 4346 Apo·
1525 4319 1526 4352 ,

389 4360 484 4426 stolis
507 4395 548 4448 ·.·
570 4380 649 4434 nam
670 4360 858 4446 symbolum
887 4360 1128 4447 Apostolorum
1156 4365 1309 4448 primam.
1328 4370 1384 4432 est
1414 4370 1448 4427 et
1525 4355 1526 4374 ³
