3080 5150
772 388 1009 457 -no-

780 513 797 546 d

322 561 555 632 matricularii
576 571 672 631 erant
694 561 852 632 custodes
876 562 1101 647 ecclesiarum,
1124 564 1347 651 campanarii,
1370 562 1464 650 quod

409 667 629 734 tintinnabula
651 666 841 754 pulsabant.

322 767 555 836 Matrieulcrii
576 771 610 834 in
632 769 830 857 reparandis
854 768 1012 838 ecclesiis.
1049 773 1200 835 Thamara.
1224 791 1256 834 v.
1278 768 1456 836 matricula

410 910 451 921 -
473 873 700 942 matricularii.
722 875 900 960 reparatio.

321 973 636 1044 Matrimonialium
647 997 758 1044 rerum
767 979 913 1064 origines
926 984 1179 1064 etprogressus.
1191 977 1321 1064 Dequa
1331 973 1462 1042 renihil

408 1081 631 1168 proficiscitur
651 1099 696 1146 ex
713 1080 791 1164 jure
802 1078 1031 1146 Justinianeo:
1052 1077 1114 1146 sed
1136 1099 1181 1146 er
1191 1080 1269 1164 jure
1282 1076 1461 1144 Canonico.

406 1183 561 1270 Inprimis
574 1181 818 1269 respiciendum
832 1190 884 1249 est
905 1181 949 1247 ad
962 1199 1107 1248 canones
1122 1181 1374 1270 Apostolorum,
1387 1201 1459 1247 can

406 1287 460 1368 48,
471 1285 563 1372 quod
573 1287 695 1350 attinet
702 1285 746 1350 ad
757 1287 1000 1352 matrimonium
1006 1285 1167 1351 laicorum
1173 1283 1415 1369 indissolubile,
1428 1291 1461 1349 et

407 1411 477 1454 can.
509 1390 537 1453 6.
561 1389 612 1452 ut.
635 1387 685 1454 51.
715 1387 909 1455 clericorum
936 1387 1148 1475 prohibitum.
1193 1387 1280 1453 Tum
1312 1387 1460 1473 agebant
1518 1397 1519 1402 ’

405 1493 440 1556 in
462 1489 601 1557 Oriente
623 1498 657 1558 et
677 1493 712 1556 in
742 1489 925 1559 Occidente
952 1491 1120 1558 Doctores
1150 1489 1314 1558 ecclesiae
1343 1509 1458 1556 sacras

404 1595 521 1660 literas
552 1594 780 1682 explicantes,
810 1599 997 1676 Augustinus
1002 1639 1014 1673 ,
1045 1599 1268 1676 Hieronymum:
1304 1593 1346 1658 V.
1374 1595 1459 1673 Drep

407 1717 478 1763 can.
501 1704 610 1784 apost
632 1717 660 1763 c.
681 1697 733 1763 48.
763 1717 841 1784 pag.
864 1697 937 1766 252.
980 1696 1106 1763 Eorum
1137 1699 1265 1784 scripta
1295 1696 1339 1762 ab
1369 1698 1459 1782 epis-

408 1803 502 1886 copis
535 1808 569 1866 et
592 1798 723 1867 clericis
747 1799 879 1867 Galliae
909 1807 944 1866 et
974 1798 1175 1868 Germaniae
1205 1799 1457 1886 colligebantur,

404 1909 442 1969 ut
462 1903 519 1988 jus
542 1905 740 1968 matrimonii
752 1910 1017 1970 conservaretur.
1038 1923 1070 1968 v.
1095 1903 1175 1987 noy,
1198 1901 1326 1990 epham.
1347 1900 1407 1968 VI.
1430 1900 1457 1966 5.
1518 1943 1519 1966 1

407 2005 561 2073 Gratiani
580 2005 765 2072 Decretum
785 2008 904 2092 ipsum.
950 2003 1154 2084 Quibuscum
1171 2004 1456 2091 conjungebantur
1518 1993 1519 2014 ³

405 2107 543 2176 decreta
567 2105 802 2190 Conciliornm,
824 2108 1035 2196 etepistolae
1056 2108 1267 2193 Pontificum,
1289 2128 1318 2175 e
1339 2128 1372 2193 g.
1392 2105 1457 2171 Ni-
1512 2125 1519 2198 ,

404 2213 490 2280 colai
520 2211 564 2278 ad
595 2209 759 2280 Consulta
789 2211 1021 2298 Bulgarorum.
1064 2212 1218 2298 Denique
1244 2210 1280 2276 id
1310 2230 1405 2276 omne
1425 2213 1456 2273 in
1518 2199 1519 2288 l

405 2313 575 2403 quoddam
597 2323 746 2401 systema
768 2315 944 2382 collectum
966 2323 1020 2382 est
1040 2317 1189 2402 inprimis
1211 2313 1304 2401 quod
1325 2321 1455 2400 speeta-

407 2419 468 2484 bat
490 2419 533 2484 ad
554 2417 791 2505 impedimenta
823 2420 1032 2484 matrimonii.
1074 2415 1128 2484 De
1149 2417 1212 2483 hac
1233 2438 1271 2483 re
1291 2423 1456 2482 tractatur

403 2525 437 2586 in
459 2521 607 2588 secunde
628 2529 727 2608 parte
756 2522 893 2588 Decreti
923 2541 1026 2586 eausa
1055 2518 1217 2603 XXVII,
1247 2541 1348 2606 quam
1378 2516 1454 2586 Ste-
1517 2559 1518 2596 ᾗ

402 2624 533 2710 phanus
556 2623 598 2689 de
621 2624 781 2709 Toumay
792 2623 986 2711 appellabat
1008 2632 1138 2711 partem
1153 2629 1352 2710 quartam
1375 2643 1454 2688 cau-

404 2747 526 2793 sarum.
561 2726 656 2792 Tunc
675 2730 859 2794 arriserunt
882 2726 1047 2813 quaedam
1069 2728 1181 2814 capita
1198 2725 1286 2811 juris
1298 2723 1454 2792 Canonici

406 2828 625 2915 scriptoribus
648 2830 747 2915 primi
775 2831 936 2916 temporis
959 2837 1170 2896 restauratae
1190 2828 1276 2914 juris
1296 2831 1453 2895 scientiae

404 2967 445 2980 -
467 2935 816 3017 Beraordue,ltu1tnue,
841 2937 1015 2998 ramerum
1037 2936 1243 3020 scripserunt
1275 2931 1318 2999 de
1339 2933 1454 2997 matri-

315 3079 318 3086 ·
405 3037 525 3100 monio.
568 3035 608 3100 In
628 3035 864 3121 decretalibus,
887 3059 1028 3123 quarum
1057 3039 1198 3124 primam
1227 3035 1453 3102 collectionem

403 3141 684 3219 Bernordru.Pcp.
705 3143 780 3226 ipse
810 3141 962 3226 confecit,
984 3163 1039 3206 res
1061 3141 1262 3206 matrimonii
1283 3138 1453 3226 amplecti-

401 3251 456 3308 tur
479 3251 679 3329 quartu‘m
700 3242 829 3310 librum.
872 3243 1031 3310 Accessit
1053 3241 1237 3310 Concilium
1249 3242 1342 3308 Trid.
1364 3239 1452 3308 Sese·
1514 3323 1515 3334 ἵ

383 3389 387 3398 -
407 3345 458 3410 24.
469 3344 560 3431 quod
580 3345 839 3412 resolutionibus
862 3355 897 3412 et
906 3343 1186 3414 declarationibus
1204 3345 1453 3432 ¹Congregutio·
1514 3335 1515 3340 ’

313 3493 318 3504 ·
389 3451 454 3526 :nis
488 3449 688 3536 perpolitum
717 3471 804 3514 nuuc
830 3451 887 3536 jus
925 3447 1130 3515 Canonicum
1167 3448 1209 3515 de
1246 3451 1452 3514 matrimonio

402 3554 584 3631 constituit,
614 3552 711 3617 nullis
726 3552 813 3619 dere
843 3555 1077 3618 controversiis
1105 3559 1308 3640 corruptum.
1354 3549 1451 3629 Quod
1513 3593 1514 3618 t

400 3657 520 3721 attinet
542 3654 586 3718 ad
608 3675 813 3741 processum,
835 3655 1004 3741 prolatum
1033 3662 1085 3721 est
1112 3676 1197 3742 opus
1222 3657 1314 3718 Pauli
1335 3657 1452 3718 Fortius·

400 3755 543 3841 (Romae
557 3758 638 3822 1861
663 3757 754 3844 opud
776 3757 892 3843 Ruggi
912 3760 968 3823 via
991 3757 1152 3824 Caravita
1173 3758 1215 3824 N.
1238 3756 1325 3842 189).
1342 3757 1451 3822 —In-

391 3863 549 3950 structio,
573 3883 640 3946 qua
662 3867 821 3952 accurata
842 3861 987 3926 traditur
1009 3860 1185 3927 methodus
1206 3863 1241 3926 in
1259 3860 1449 3927 ordinandis

399 3968 433 4027 et
463 3963 637 4048 explendis
667 3962 938 4050 processualibus
961 3967 1044 4030 actis
1072 3962 1245 4030 servandis
1274 3966 1308 4029 in
1342 3966 1450 4030 causis

399 4063 706 4132 matrimonialibus.
972 4119 975 4126 ,
1263 4121 1266 4126 .
1286 4121 1289 4128 .

312 4163 579 4233 Matrimonium
602 4170 645 4234 ab
670 4189 709 4236 eo
734 4169 872 4253 dicitur,
896 4171 986 4258 quod
1007 4172 1131 4238 femina
1152 4171 1277 4238 idcirco
1306 4173 1449 4238 maxime

397 4269 522 4337 nubere
544 4270 656 4360 debet,
678 4280 717 4339 ut
738 4281 844 4340 mater
866 4274 936 4360 fiat,
958 4275 1013 4342 vel
1027 4278 1107 4362 quia
1120 4275 1249 4363 prolem
1263 4277 1448 4362 concipere,
