3080 5150
568 392 783 462 ..erm

85 563 273 653 Gugcria,
295 594 322 638 o.
345 569 373 634 1.
396 565 445 634 X.
467 567 510 636 de
530 569 711 637 feudisIII.
734 571 785 635 20.
808 591 834 635 c.
859 571 887 638 1.
909 569 968 655 K,
987 567 1029 639 de
1049 573 1245 658 pignoribus

190 676 251 742 111.
273 678 325 740 21.

236 779 385 866 Gageria
406 778 495 844 idem
515 785 577 861 est,
600 777 691 864 quod
706 777 853 859 vadium,
875 776 1020 863 gadium,
1043 797 1140 866 gage.
1162 777 1246 847 Juro

193 881 392 948 Germanico
415 883 550 947 nonita
572 883 763 967 oppositum
785 881 850 945 sibi
863 879 997 946 videtur
1014 881 1072 967 jus
1094 884 1129 946 in
1150 901 1188 948 rc
1212 889 1246 948 et

186 985 245 1070 jus
275 984 497 1070 obligationis.
540 984 580 1050 In
608 984 685 1069 jure
712 983 896 1050 Romano
927 986 1049 1070 pignus
1077 991 1151 1049 erat
1175 985 1243 1070 jus

189 1090 233 1152 in
254 1107 303 1152 rc
324 1121 366 1134 -
389 1085 597 1152 distrahendi
617 1107 687 1154 rem
708 1089 932 1174 pignoratam,
954 1093 989 1151 ct
1010 1106 1134 1174 corpus
1156 1087 1245 1153 obli-

191 1196 308 1276 gatum
346 1187 535 1256 vindicandi
571 1189 615 1255 ab
652 1189 728 1254 alio.
780 1188 1005 1255 Germanis
1042 1209 1124 1256 vero
1170 1195 1243 1256 erat

190 1295 331 1379 gageria
342 1291 396 1359 vol
406 1292 541 1358 vadium
552 1313 618 1357 non
630 1291 738 1358 solum
759 1293 892 1380 pignere,
915 1291 978 1358 sed
994 1295 1144 1358 etiam-
1156 1290 1243 1359 fide-

187 1395 306 1480 jussio.
351 1393 443 1461 Oias.
461 1397 639 1476 duupptcm
659 1397 693 1460 in
712 1393 935 1482 ephemeridd.
948 1393 1242 1482 Heidelbergenss.

76 1523 83 1533 ·
191 1498 383 1564 anni1858.

80 1601 261 1684 (ingerit
281 1601 339 1667 vel
358 1602 492 1668 vadium
512 1637 555 1652 -·-
576 1599 790 1670 dividebatur
811 1605 846 1667 in
866 1603 979 1666 vivum
1005 1608 1040 1668 et
1068 1609 1242 1670 mortuum.

191 1703 338 1770 Vedium
359 1707 504 1770 vivum
526 1707 623 1792 quasi
650 1705 739 1771 idem
769 1713 838 1790 est,
868 1703 960 1791 quod
987 1705 1179 1792 hypotheca
1200 1741 1242 1753 -

191 1813 272 1895 quia
292 1829 347 1876 res
370 1809 530 1875 creditori
550 1829 617 1874 non
639 1807 844 1874 solummodo
871 1827 918 1873 ex
946 1809 1166 1895 proventibus
1188 1817 1243 1876 te-

188 1919 298 1997 netur,
321 1911 382 1978 sed
402 1914 552 1998 inprimis
574 1931 619 1976 ex
641 1911 830 1977 substantia
843 1913 929 1999 ipsa.
972 1910 1117 1977 Vedium
1137 1933 1243 1980 mor-

188 2023 304 2080 tuum
326 2015 484 2082 creditori
498 2021 631 2081 tenetur
642 2017 702 2100 ita,
724 2022 762 2080 nt
782 2015 910 2080 fructus
927 2033 1041 2080 omnes
1061 2016 1146 2080 fiant
1167 2035 1242 2082 cre-

190 2114 309 2184 ditoris
339 2121 437 2205 quasi
466 2118 590 2183 domini
618 2121 689 2184 sine
719 2125 875 2204 computo
905 2117 1048 2184 debitori
1075 2118 1241 2201 faciendo,

189 2219 297 2288 donec
318 2241 373 2288 res
396 2221 534 2286 radiata
557 2225 740 2287 constituto
762 2228 914 2307 tempore
934 2221 1124 2286 redimatur.

232 2325 401 2390 Latinitas
430 2325 528 2390 medii
561 2327 636 2391 aevi
665 2323 728 2389 sub
763 2323 953 2408 hypotheca
991 2323 1242 2409 comprehendit

188 2428 388 2515 apothecam
410 2450 469 2496 seu
489 2429 678 2516 pothecam,
700 2429 721 2490 i.
743 2449 770 2493 e
789 2426 916 2509 locum,
940 2427 998 2493 ubi
1025 2447 1154 2494 merces
1177 2428 1241 2492 ali-

188 2552 348 2598 acueres
372 2537 598 2616 asservantur,
622 2531 823 2617 (boutiqus).

95 2635 213 2701 Galea
227 2655 384 2701 —navcs
397 2635 451 2702 vel
464 2635 587 2722 longae
597 2635 653 2701 vel
660 2641 844 2720 rostratae,
864 2637 906 2698 da
917 2635 1027 2703 hbeat
1046 2641 1080 2702 st
1092 2656 1117 2702 c.
1141 2635 1170 2704 6.
1191 2631 1239 2701 Χ.

186 2739 229 2805 de
250 2737 391 2804 Judaeis
413 2737 454 2803 V.
476 2739 507 2806 6.
530 2759 557 2806 c
580 2739 610 2806 2.
631 2741 666 2803 in
687 2736 761 2804 VI⁰.
783 2737 826 2806 de
847 2745 931 2805 sent
952 2737 995 2804 IL
1019 2739 1069 2804 14.

98 2839 539 2907 GallemsOardinalitius.
569 2841 572 2848 ’

98 2943 217 3012 Gallia
237 2949 440 3031 purpurata
461 2981 504 2992 —
524 2945 666 3013 historie
698 2943 926 3012 cardinalium
954 2947 1097 3012 nationis
1131 2942 1241 3012 Gelli-

186 3069 256 3116 eae.
300 3051 483 3130 staturae
504 3051 645 3115 hesron
665 3049 692 3116 1.
714 3049 788 3115 695.

96 3151 237 3218 Galliac
258 3155 334 3218 tres
356 3160 449 3218 sunt:
471 3153 622 3236 bracata,
645 3159 765 3238 togata
788 3161 823 3220 et
845 3160 990 3218 comata.

305 3257 416 3344 Hujus
437 3259 488 3322 rei
507 3257 679 3322 immemor
701 3264 755 3322 est
774 3259 816 3319 du
829 3259 948 3321 meac.

228 3359 411 3427 Bracata
441 3359 553 3427 Gallie
583 3359 674 3424 dicta
706 3366 759 3426 est
791 3381 831 3426 ea
861 3358 993 3426 Galliae
1022 3378 1120 3445 pars,
1150 3376 1238 3443 quae

184 3470 307 3552 postea
327 3463 558 3530 Narbonensis
581 3470 635 3529 est
653 3462 834 3550 appellata,
865 3461 1101 3550 cujuspopuli
1133 3459 1235 3526 brac-

185 3569 233 3632 cis
255 3567 444 3649 utabantur,
468 3585 576 3654 eoque
590 3568 722 3632 nomine
744 3585 766 3631 a
786 3571 906 3652 togata
928 3561 1238 3632 etcomatadistin-

185 3669 359 3757 gerebatur.
382 3669 559 3736 Comata
584 3669 696 3736 Gallia
718 3677 752 3736 st
767 3671 872 3736 omnis
889 3667 1001 3735 Gallia
1018 3665 1238 3752 transalpina,

186 3795 275 3861 ques
295 3778 330 3840 in
350 3773 535 3862 Belgicam,
556 3773 718 3842 Celtioam
740 3781 775 3840 et
805 3772 1041 3860 Aquitanicam
1063 3769 1239 3836 divideba-

184 3884 252 3964 tur,
276 3881 356 3965 quia
378 3879 450 3964 ojus
473 3878 590 3966 populi
612 3899 741 3944 comam
761 3899 828 3944 non
849 3873 1044 3959 tondebant,
1066 3871 1128 3940 sed
1150 3873 1239 3938 omni

136 4028 139 4034 -
183 3989 298 4048 aetate
319 3983 519 4049 nutriebant.
542 3980 712 4068 Togata
734 3982 879 4066 denique
901 3978 990 4044 dictu
1013 3984 1129 4044 cetea
1152 3974 1238 4042 Gal-

182 4086 251 4152 liae
272 4105 364 4172 pars,
388 4105 475 4172 quae
497 4087 590 4171 togis
603 4083 769 4150 ‘Romano
797 4103 890 4150 more
915 4081 1089 4165 utebatur,
1118 4098 1238 4164 nempe

184 4187 379 4276 Cisalpinae
386 4207 467 4276 pars
480 4187 881 4275 CispadanaaPlacentia
888 4184 933 4250 ad
940 4184 1114 4250 Anconam
1120 4202 1237 4268 usque.

182 4295 348 4358 Forcetltm·
368 4313 394 4358 s
407 4313 440 4358 v.
450 4292 602 4376 bracata,
625 4299 753 4379 togate,
778 4297 910 4358 comata
933 4296 967 4356 et
989 4286 1112 4356 Gallia.
1134 4281 1236 4372 glad

181 4419 211 4466 c.
234 4398 266 4467 3»
287 4395 327 4465 O.
346 4393 466 4468 XXV.
478 4416 544 4486 ‘qu
566 4395 596 4462 2.
662 4439 665 4446 ι
881 4395 884 4400 ’
