3088 5140
750 357 985 428 „202-

296 534 457 618 nemean,
480 530 571 622 qued
594 533 638 602 ad
660 532 923 602 Protestantium
952 535 1106 602 civitates
1129 538 1267 621 attinet,
1296 557 1431 624 prorsus

296 644 458 806 ulterlSrdd
473 748 551 806 tunc
573 740 657 806 haec
679 739 856 826 disciplina
878 739 975 806 alteri
1003 741 1122 808 forsan
1151 743 1332 823 discrimini
1354 745 1433 811 sub-

292 846 385 930 jecta
407 851 469 927 est,
492 843 646 930 quodjus
663 842 926 910 ecclesiasticum
940 863 1029 910 seva
1044 848 1173 916 ratione
1192 850 1335 914 tractari
1358 868 1434 914 eoe-

296 950 388 1034 pita
411 946 630 1032 scriptoribus
652 947 914 1012 Pretestantium
936 967 1037 1033 quam
1070 946 1321 1018 Catholicomm
1342 949 1433 1019 Biih-

296 1053 377 1118 meri
400 1057 434 1116 et
454 1052 563 1138 patris
585 1057 619 1118 et
641 1049 699 1116 filii
719 1052 865 1136 vestigia
885 1049 1075 1136 legentium.

381 1152 457 1221 Hoc
478 1173 559 1222 vero
581 1153 679 1220 modo
690 1155 747 1238 jus
763 1151 966 1222 canonicum
980 1163 1140 1241 tanquam
1158 1159 1333 1243 proprium
1351 1177 1367 1242 J

165 1264 170 1272 '
297 1257 467 1322 christiani
499 1264 648 1342 systema
679 1261 810 1342 resurgi
841 1265 876 1324 et
897 1279 941 1324 ex
971 1258 1126 1345 sepulcro
1156 1263 1255 1344 quasi
1283 1265 1435 1328 revocari

296 1382 361 1426 non
383 1367 526 1446 poterat.
569 1361 768 1426 Hierarchia
792 1361 955 1428 ecclesiae
977 1359 1174 1428 Catholicae
1195 1371 1273 1428 tune
1303 1371 1435 1450 tempo-

296 1466 342 1529 ris
365 1466 471 1530 minua
495 1463 759 1549 cognoscebatur
781 1471 815 1530 et
835 1463 1101 1548 dijudicabatur,
1133 1467 1209 1550 ipae
1232 1467 1321 1532 enim
1344 1465 1434 1532 Bon-

296 1553 406 1636 merus
437 1587 566 1634 omnem
603 1565 744 1632 contulit
773 1585 910 1653 operam
939 1571 973 1634 in
1002 1588 1075 1633 eam
1105 1568 1204 1653 hujus
1234 1567 1432 1656 disciphnae

295 1677 436 1756 partem,
459 1689 559 1755 quam
580 1671 762 1753 nominavit
780 1671 836 1755 jus
858 1669 1053 1756 parochiale
1075 1671 1351 1738 Protestantium.

380 1771 443 1835 His
466 1770 607 1858 denique
630 1773 824 1858 adjiciamus
847 1773 1013 1858 quaedam
1027 1773 1212 1859 singularia
1234 1773 1277 1840 de
1301 1773 1435 1842 schola·

295 1875 387 1943 ribua
410 1882 443 1942 et
467 1873 685 1959 dignitatibus
708 1876 808 1944 medii
829 1879 913 1944 aevi

381 1978 572 2044 Literarum
595 1979 715 2062 studia,
737 1979 848 2046 medio
870 1999 954 2048 aevo
978 1983 1133 2062 exeunte,
1156 1979 1266 2048 denuo
1287 1983 1324 2046 in
1338 1979 1434 2046 Italia

298 2083 554 2164 efflorescentia,
575 2081 611 2146 id
633 2083 768 2148 efficere
779 2082 958 2166 dehebant,
980 2090 1018 2150 ut
1031 2082 1090 2148 ille
1111 2082 1261 2148 homines
1277 2082 1435 2148 adveros

295 2187 509 2252 humanitatis
532 2185 643 2252 fontes
665 2193 882 2268 revocarent,
913 2206 1094 2271 eorumque
1116 2188 1244 2252 animos
1274 2187 1436 2271 cujusque

295 2290 372 2354 boni
395 2295 431 2354 et
451 2281 646 2354 veri'sensu
666 2288 870 2371 imbuerent3
892 2291 1007 2374 itaque
1029 2287 1214 2354 Bononiam
1243 2289 1435 2355 confluxere

295 2412 408 2458 omnes
434 2393 578 2457 omnium
600 2393 747 2474 gentium
776 2390 946 2458 literarum
975 2392 1133 2474 studiosi,
1164 2392 1222 2476 qui
1252 2391 1436 2458 secundum

296 2496 447 2558 nationes
471 2493 569 2558 divisi
591 2501 625 2558 et
645 2493 709 2558 hoc
731 2493 927 2578 gentilitatis
949 2493 1080 2562 vinculo
1105 2495 1275 2578 conjuncti
1292 2495 1359 2580 ipsi
1382 2516 1436 2560 or-

298 2598 408 2662 dinem
430 2595 580 2662 omnibus
603 2597 817 2662 constitutum
840 2595 1067 2682 sequebantur
1097 2596 1160 2662 sub
1189 2595 1298 2664 tutela
1320 2597 1437 2682 Papae

298 2708 333 2764 et
355 2698 560 2784 singularum
581 2698 729 2764 urbium:
760 2697 807 2764 Hi
828 2719 865 2764 se
887 2701 980 2784 ipsos
1002 2700 1167 2784 regebant
1190 2698 1287 2782 adeo,
1310 2705 1437 2766 utnon

296 2803 404 2868 solum
426 2800 594 2872 auditores
617 2799 678 2866 sed
700 2803 799 2872 etiam
822 2801 980 2868 docentes
1004 2802 1211 2870 scholaribus
1235 2800 1437 2870 adnumera-

296 2913 421 2972 rentur.
979 2905 982 2916 '
1335 2967 1341 2974 .

381 3007 476 3074 Idem
496 3009 634 3076 Parisiis
658 3009 785 3076 factum
815 3028 891 3074 esse
921 3007 1089 3083 videmus,
1120 3006 1181 3074 sed
1210 3006 1256 3072 ibi
1287 3011 1437 3092 regimen

295 3131 398 3197 penes
428 3113 609 3196 magistros
629 3111 709 3176 fuit:
742 3109 932 3193 scholares,
963 3112 1020 3196 qui
1048 3113 1082 3174 in
1111 3109 1222 3174 bursis
1251 3109 1438 3194 conjunge-

295 3218 426 3295 bantur,
448 3217 600 3298 regimini
622 3236 644 3296 a
664 3235 702 3280 se
723 3217 757 3278 in
780 3213 880 3280 rebus
902 3213 1123 3278 familiaribus
1146 3215 1331 3280 constituto
1353 3212 1438 3276 sub-

291 3321 376 3403 jecti
396 3318 539 3382 fuerunt.
582 3317 678 3383 Haec
699 3317 878 3384 bursarum
897 3319 986 3382 ratio
1006 3317 1041 3380 in
1070 3314 1284 3383 Germaniam
1314 3313 1437 3382 deinde

296 3440 430 3506 quoque
452 3426 644 3505 propagata
664 3421 809 3502 transiit,
829 3439 976 3504 namquo
987 3418 1208 3486 conveniebat
1224 3419 1439 3502 corporatio·

295 3545 373 3590 uum
394 3530 534 3590 naturae
557 3543 618 3608 per
639 3521 781 3588 medium
803 3541 932 3588 aevum
955 3519 1121 3588 Conditor
1136 3520 1291 3587 sunthae
1311 3520 1438 3584 bursae

296 3649 316 3690 a
338 3623 477 3711 singulis
500 3625 769 3690 benefactoribus
793 3631 920 3689 certum
941 3626 974 3687 in
989 3624 1098 3703 finem,
1121 3621 1223 3707 idque
1244 3621 1439 3688 inUniver-

296 3734 396 3794 sitate
418 3727 712 3810 Heidelbergeusi,
735 3729 768 3790 in
799 3746 866 3813 qua
897 3733 1068 3812 postremo
1101 3745 1214 3790 omnes
1246 3724 1370 3788 bursae
1400 3726 1436 3787 in

295 3853 397 3898 unum
424 3831 623 3914 conjunctae
650 3831 878 3904 inveniuntur,
913 3830 1037 3914 optime
1066 3827 1210 3912 intelligi
1236 3833 1366 3912 potest:
1404 3835 1439 3890 et

245 3973 247 3978 -
296 3953 498 4020 quamquam
519 3932 642 3998 bursae
663 3935 761 4018 isque
782 3931 982 3997 familiarum
1005 3931 1086 3998 erdo
1109 3938 1214 4016 atque
1235 3929 1318 4011 alia,
1347 3951 1438 4015 quae

296 4037 340 4100 ad
363 4036 462 4100 medii
485 4037 560 4100 aevi
581 4038 729 4100 rationes
753 4034 968 4116 accedebant,
991 4044 1051 4101 aut
1070 4031 1147 4100 inde
1161 4033 1305 4100 deducta
1327 4041 1437 4116 erant,

295 4137 516 4220 tollebantur,
537 4145 648 4202 tamen
670 4159 750 4232 mox
780 4137 984 4204 intellectum
1007 4145 1075 4224 est,
1106 4137 1330 4204 necessarium
1359 4155 1438 4202 esse

297 4239 525 4311 adolescentes
549 4249 641 4308 certo
664 4244 814 4328 regimini
845 4249 946 4330 atque
968 4244 1107 4328 imperio
1131 4237 1313 4328 subjicere,
1344 4240 1438 4328 quod
