3080 5150
602 389 644 408 -·
690 353 838 460 51-

138 527 333 598 Praefatio
357 551 385 596 e.
409 532 460 599 71.
483 529 560 596 dist.
583 533 611 596 1.
634 530 677 596 de
700 532 963 601 consecratione.

141 631 434 698 Praeficiendus.
455 633 679 720 praeficiendi.

310 741 462 804 eernere.
485 740 564 816 Pop.
587 757 715 804 summa
735 736 792 805 lib.
817 739 844 802 1.
868 739 918 802 tit
941 738 981 820 8.,
1003 739 1053 804 tit.
1074 736 1122 807 X.
1144 736 1171 804 Ι.
1195 738 1243 802 14.

308 843 422 920 Raptae
445 844 489 903 ed.
519 839 919 928 19555151155555.·255.
942 842 1110 912 Faeceniae·
1131 862 1164 927 p.
1187 843 1237 910 99.

139 941 403 1010 Praelatorum
431 943 607 1010 inferiores
636 951 705 1008 tam
742 942 932 1028 regularem
964 965 1064 1030 quam
1093 942 1292 1016 saeculares,

241 1044 326 1112 Sunt
347 1049 448 1115 etiam
470 1045 614 1132 praelati
635 1045 806 1119 nullius,
830 1048 909 1131 quia
930 1046 1167 1130 inexercsnda
1184 1046 1291 1130 juris-

240 1149 384 1217 dictione
404 1148 588 1235 privilegiia
612 1151 736 1216 exemti
757 1156 834 1215 sunt
857 1170 877 1212 a
895 1149 1126 1234 jurisdictione
1141 1151 1291 1242 episcopi

240 1252 427 1337 etquidem
450 1254 547 1336 quasi
569 1254 635 1336 ipsi
665 1254 872 1334 eximuntur,
903 1251 957 1320 vel
986 1251 1070 1320 adeo
1100 1261 1291 1339 separatam

241 1354 408 1422 dioecesin
429 1353 563 1420 habent.

308 1461 420 1522 Beacd.
442 1457 540 1524 XIV.
570 1457 599 1524 d.
623 1479 650 1524 e.
674 1457 704 1524 d.
727 1457 782 1524 lib.
805 1459 834 1523 2.
857 1479 884 1524 5.
909 1460 958 1531 11.

359 1560 586 1647 praelatorum
606 1561 800 1628 inferiorum
822 1568 892 1630 tres
916 1559 1053 1632 classes.

307 1667 419 1728 Bcaed.
441 1653 537 1734 XIV.
561 1661 641 1730 (1.5.
665 1662 694 1728 d.
716 1662 781 1730 lib„
794 1665 823 1728 2.
847 1685 873 1731 c·
899 1665 949 1731 11.

142 1765 491 1838 Praeereinationes
515 1766 601 1838 duae
623 1773 708 1832 aunt.
733 1787 760 1830 e.
785 1768 833 1832 11.
857 1767 935 1837 diat.
956 1769 986 1834 4.
1009 1764 1052 1832 da
1072 1769 1196 1852 poerit.

196 1870 451 1938 Gratianus:
474 1869 560 1938 duae
578 1876 656 1938 suut
667 1869 985 1955 praeordinationes,
1007 1889 1083 1954 una,
1107 1891 1174 1958 que
1195 1873 1289 1958 quis-

464 1993 528 2058 que
550 1971 807 2058 praeordinatur
830 1971 1050 2057 adjustitiam
1072 1975 1288 2044 etremiasio-

460 2095 536 2143 nem
557 2083 774 2162 peccatorum
788 2075 1015 2160 accipiendam
1027 2111 1066 2126 -
1081 2075 1198 2159 altere,
1221 2093 1289 2160 que

462 2181 536 2264 quis
565 2177 835 2264 praedestinatur
857 2176 902 2244 ad
930 2180 1033 2250 vitam
1062 2185 1233 2247 aeternam
1254 2180 1289 2243 in

459 2281 575 2351 futuro
598 2279 818 2350 obtinendam.

145 2383 393 2469 Praeseriptio
415 2381 692 2452 marmaricus.
724 2382 789 2453 Est
810 2386 995 2456 institutum
1013 2385 1098 2469 juris
1119 2381 1289 2468 Canonici,

240 2490 292 2552 cui
312 2490 400 2552 inest
423 2487 549 2572 duplex
571 2488 621 2552 vis
644 2492 746 2571 etque
769 2486 918 2563 effectus.

193 2589 229 2675 a)
252 2598 304 2658 est
326 2592 411 2656 enim
439 2592 644 2675 praesumtio
673 2588 823 2675 legitima
852 2592 1075 2659 concessionis
1104 2589 1160 2656 vel
1180 2590 1288 2676 privi-

253 2693 334 2779 legii
356 2713 470 2762 eorum
488 2695 630 2780 jurium,
653 2714 740 2780 quae
762 2696 858 2780 priva
880 2694 988 2763 solum
1016 2693 1092 2780 lege
1123 2695 1288 2765 conrum-

255 2797 342 2864 enda
360 2804 449 2880 sunt,
1037 2820 1040 2825 ·

191 2899 231 2986 b)
255 2908 307 2968 est
328 2920 444 2968 reuera
456 2901 676 2986 praescriptio
688 2901 897 2986 temporis
916 2899 960 2970 ad
973 2898 1173 2986 explendam
1185 2919 1287 2986 prae-

254 3005 467 3088 scriptionem
489 3003 733 3086 definitam,
757 3005 881 3088 siquis
912 3002 956 3071 ad
989 3005 1287 3089 praescriptionem

253 3105 521 3172 immemorialem
537 3113 710 3192 provocet,
727 3127 835 3190 neque
849 3126 930 3173 vero
947 3105 991 3173 ed
1004 3115 1135 3192 tempus
1150 3105 1286 3190 longum

253 3209 308 3273 vel
318 3209 558 3294 longissimum,
569 3216 603 3274 et
612 3209 803 3278 adhibenda
814 3215 866 3279 est
876 3210 911 3278 in
923 3209 1074 3278 omnibus
1082 3207 1214 3293 juribus
1227 3228 1287 3274 ac-

257 3313 436 3398 quirendis,
460 3319 494 3380 et
517 3313 650 3397 quidem
671 3311 747 3395 illis,
772 3332 859 3397 quae
876 3311 954 3401 jure
977 3313 1140 3382 communi
1161 3312 1287 3383 consti-

253 3422 399 3483 tuantur.
452 3415 491 3482 In
515 3414 716 3500 acquirendo
750 3416 826 3499 J'ure
855 3421 1054 3500 patronatus
1083 3435 1150 3481 non
1179 3417 1285 3481 minus

255 3518 383 3601 saltem,
407 3539 508 3602 quam
530 3521 771 3604 quinquaginta
790 3538 951 3585 annorum
977 3519 1122 3603 epatium
1153 3516 1286 3584 deside-

168 3699 174 3704 ,
255 3629 359 3686 ratur.
404 3619 526 3685 Cone.
551 3620 665 3688 Trid.
688 3641 769 3689 5555.
793 3620 842 3688 25.
866 3621 909 3688 de
930 3621 1063 3688 reform.
1087 3642 1113 3686 e.
1137 3623 1165 3688 9.

144 3723 409 3790 Praesentaudi
433 3725 490 3808 jus
512 3727 546 3790 in
569 3745 607 3788 eo
632 3726 798 3808 consistit,
828 3733 865 3788 ut
895 3727 969 3809 quis
998 3723 1210 3791 candidatum
1231 3724 1287 3790 vel

236 3827 348 3913 piures
371 3827 567 3894 candidatos
591 3827 711 3894 offerat
732 3829 789 3910 ita,
807 3835 844 3892 ut
867 3827 951 3892 adeo
970 3848 1016 3892 ex
1034 3825 1185 3912 pluribus
1201 3845 1285 3896 unus

238 3930 389 4015 eligatur·
404 3951 478 3997 eum
498 3933 532 3995 in
554 3931 663 4014 finem,
685 3939 723 3996 ut
739 3929 796 3998 ille
818 3932 1029 3998 confirmetur
1049 3951 1070 3994 a
1083 3931 1284 4014 magistratu

237 4033 465 4100 ecclesiastico
489 4034 679 4100 conferente
703 4033 906 4123 beneficium.
951 4032 1016 4099 Est
1037 4035 1209 4118 proprium
1227 4034 1285 4117 jus

236 4157 344 4222 neque
365 4136 490 4221 pendet
520 4137 562 4200 ab
593 4136 657 4200 alio
685 4138 776 4220 jure,
806 4136 868 4202 sed
897 4157 963 4202 non
992 4156 1069 4206 raro
1099 4155 1285 4204 connexum

237 4256 311 4304 eum
329 4241 405 4324 jure
428 4247 634 4326 patronatus.
677 4239 788 4307 Minue
812 4246 969 4306 accurate
991 4237 1034 4305 de
1055 4238 1120 4304 hac
1148 4257 1186 4304 re
1213 4236 1286 4310 dis·
