3108 5138
604 319 818 384 ..ao..

134 491 371 561 wem-uo
401 495 435 556 in
465 493 575 558 forma
608 495 830 575 communi,
859 495 894 556 in
924 493 1034 558 forma
1065 495 1281 578 specifica

226 595 441 664 Analecta
465 597 551 680 juris
580 597 699 682 pontif.
731 596 803 660 livr.
826 595 997 681 septibme.
1021 617 1099 681 pag.
1119 596 1280 684 iilbseq.

227 699 275 764 X.
304 699 361 764 lib.
384 701 413 762 2.
436 702 477 764 tit
498 699 556 766 ult.
580 707 614 766 et
636 699 825 766 additiones
848 702 1031 764 Cociacrnce.

135 801 436 868 mesaraicas.
459 806 544 866 Ferr.
566 824 591 868 s.
614 803 699 887 h.v.,
721 810 759 866 nt
780 803 927 888 legitime
940 809 973 868 et
995 801 1105 868 valide
1121 805 1251 888 erigatu

226 939 267 952 ·-
291 912 325 971 et
349 906 439 990 quod
459 909 579 972 attinet
601 906 645 970 ad
667 906 870 992 sepulturas.

134 1007 376 1090 Congregetur
392 1007 433 1074 de
448 1009 591 1075 auxiliis.
607 1011 785 1088 frasneyo
802 1012 1060 1074 Ktrcbcnlcxieon.
1082 1008 1179 1076 Nunc
1195 1032 1281 1095 quo-

225 1132 291 1197 que
311 1111 471 1178 articulus
493 1133 599 1180 novus
623 1115 803 1182 0661666616.
825 1112 1003 1204 Respicias
1026 1112 1175 1196 singulas
1198 1134 1280 1178 con-

226 1214 456 1284 fraternitates
479 1215 570 1300 apud
592 1219 754 1280 Βναῆιαιί.

1252 824 1289 910 fs

135 1315 450 1398 congregationes.
466 1315 691 1400 cardinalium
714 1353 755 1366 ·-
779 1317 922 1402 quodvis
946 1333 1050 1403 comp.
1069 1319 1156 1402 juris
1180 1339 1250 1382 can.

134 1422 309 1501 congrua
343 1420 484 1488 debetru
506 1423 658 1488 omnibus
690 1421 907 1488 ecclesiarum
936 1419 1137 1489 Rectoribrs
1167 1441 1280 1486 ouem

227 1525 410 1586 animarum
426 1525 671 1608 exercentibus,
695 1537 809 1594 eorum
828 1525 961 1591 vicariis
979 1531 1013 1588 st
1029 1523 1278 1608 coadjutoribus

224 1659 266 1672 -
288 1649 318 1690 v.
339 1629 460 1712 portio.
888 1687 894 1696 .

134 1729 336 1811 conjugale
358 1731 515 1798 debiturn.
548 1731 590 1815 gl.
614 1731 659 1796 ad
689 1752 714 1795 c.
737 1732 767 1794 4.
791 1728 828 1796 O.
850 1728 1010 1796 XXXII.
1040 1749 1095 1814 qu.
1115 1730 1144 1795 2.
1167 1729 1210 1816 gl.
1234 1730 1279 1794 ad

227 1833 302 1900 dist.
327 1834 376 1900 13.
400 1833 516 1917 (Vetat.
539 1855 571 1919 p.
591 1833 658 1917 44.)

140 1935 370 2018 conjugatus
392 1955 483 2023 papa
503 1959 582 2002 num
613 1937 690 2022 eligi
720 1936 852 2022 possit?
888 1936 934 2021 gl.
957 1937 1002 2000 ad
1024 1957 1051 2000 o.
1076 1938 1104 2000 9.
1129 1935 1204 2002 dist.
1228 1937 1277 2000 79.

135 2039 323 2121 Coniuges
352 2040 416 2104 sibi
446 2043 687 2106 communicant
710 2043 875 2121 actiones,
906 2039 967 2104 sed
996 2053 1062 2104 n‘on
1090 2040 1276 2124 passiones.

223 2143 268 2226 gl.
291 2141 335 2206 ad
357 2145 387 2206 4.
414 2141 451 2208 C.
478 2142 604 2210 XXX.
634 2146 740 2228 qud.
763 2142 891 2208 dehac
920 2162 958 2206 re
988 2145 1060 2226 agit
1092 2145 1277 2206 emunata.

224 2243 390 2328 (Macareo,
408 2245 567 2330 Beitriige
581 2267 640 2309 zur
658 2244 860 2313 Gesohichte
875 2244 935 2308 der
945 2243 1160 2326 juristischen
1180 2243 1278 2308 Lite-
1354 2304 1359 2316 ,

226 2355 320 2414 ratur
341 2351 387 2412 im
409 2347 615 2416 Mittelelter.
638 2344 861 2430 Wien1857.)

138 2448 428 2518 (161166166ῐί6-
456 2453 490 2516 in
520 2472 587 2535 quo
617 2451 752 2516 differat
780 2471 803 2514 a
831 2448 1021 2533 syntheresi
1049 2483 1090 2494 -
1122 2447 1276 2532 Regulos

223 2555 445 2618 conscientiae
459 2555 669 2617 inveniuntur
686 2552 776 2638 apud
788 2555 872 2615 Ferr.
885 2559 919 2627 et
937 2555 1081 2629 ltosstirt,
1106 2552 1276 2637 compend.

216 2659 301 2743 juris
325 2657 444 2724 eccles.
467 2656 610 2742 append.
633 2657 658 2725 1.
680 2679 711 2720 v.
733 2657 948 2740 synthsresis.

133 2759 361 2826 Conscientia
383 2761 562 2824 informata
590 2763 740 2846 episcopi
770 2767 821 2824 est
843 2795 885 2806 -
907 2762 1080 2846 proprium
1104 2759 1275 2844 judicium.

223 2862 326 2932 Cone.
348 2862 440 2928 Trid.
463 2861 595 2930 Sesea
619 2884 644 2934 e·
667 2863 696 2927 3.
720 2862 763 2928 de
784 2863 844 2928 rel.
868 2859 959 2930 Sese.
983 2863 1033 2928 14.
1054 2883 1179 2948 praem.
1204 2883 1230 2928 o.
1245 2865 1273 2928 1.

165 3021 168 3032 .
221 2969 252 3031 4.
274 2966 317 3033 dc
339 2967 400 3034 ref.
423 2970 567 3043 Rossbirt,
586 2967 644 3050 jus
667 2987 739 3032 cau.
761 2988 793 3052 p.
817 2965 890 3032 850.

129 3072 356 3135 consecrare

179 3171 214 3257 1)
235 3171 327 3258 quod
349 3174 469 3244 6111661
490 3171 534 3236 ad
556 3193 626 3243 res
649 3206 691 3220 -
714 3177 767 3239 est
790 3171 955 3255 dedicare,
979 3171 1101 3238 offerre
1115 3177 1149 3236 et
1171 3171 1275 3238 bene·

239 3276 348 3341 dicere
370 3283 404 3340 et
425 3276 644 3340 sanctificare.
688 3277 818 3336 Fontao.
849 3295 880 3358 p.
906 3275 987 3358 127„
1010 3274 1068 3350 ubi
1100 3282 1274 3340 consecrat

236 3367 416 3464 episcopus
428 3377 598 3464 templum,
622 3377 740 3461 citare,
765 3380 895 3444 Fauian.
916 3399 949 3462 p.
969 3377 1040 3444 131.
1063 3385 1098 3442 et
1118 3379 1274 3442 utensilia

236 3481 409 3565 ecclesias,

178 3584 214 3671 2)
237 3583 328 3671 quod
343 3587 462 3659 attinet
477 3584 523 3650 ad
540 3587 687 3670 virgines
710 3620 751 3632 —
763 3584 925 3668 monialis,
948 3584 1133 3667 abbatissa,
1154 3605 1274 3658 eonse-

233 3694 344 3770 crate,

174 3789 212 3877 3)
234 3791 422 3856 benedictio
447 3793 679 3876 episcoporum
700 3811 762 3856 seu
782 3793 999 3882 consecratio.

259 3893 354 3961 Ordo
383 3894 555 3961 Romanus
592 3895 634 3960 de
664 3897 916 3962 consecratione
954 3896 1102 3980 episcopi
1138 3897 1269 3960 statuit:

233 3997 388 4083 pontifex
410 4001 505 4083 ponit
527 4017 660 4072 monum
682 4019 782 4085 super
802 4005 903 4084 caput
927 3999 999 4083 ejus
1016 4004 1049 4064 et
1072 3998 1152 4062 dicit
1173 4019 1272 4064 unam

235 4103 420 4168 orationem
442 4103 476 4164 in
498 4102 632 4169 modum
655 4101 825 4186 collectas,
848 4101 989 4166 alteram
1008 4103 1042 4166 in
1065 4121 1103 4167 eo
1119 4099 1272 4166 modula-

236 4205 334 4286 mine,
357 4221 429 4291 quo.
446 4203 533 4270 solet
549 4207 749 4272 contestatio
773 4206 911 4282 cantari,
