3080 5150
561 387 774 456 ..97-

145 558 183 645 a)
205 562 363 624 Ber-nardi
384 563 463 640 Pop.
486 581 622 628 summa.

144 663 185 746 b)
209 663 391 728 Tractatus
413 665 499 728 varii
520 662 563 730 de
584 664 804 745 matrimonio,
827 661 998 748 electione,
1021 682 1193 752 prooessu.
1239 681 1252 702 *

145 765 182 852 o)
205 768 496 853 Pragmatioorum
517 767 611 852 ordo,
634 788 700 854 quo
712 767 769 852 jus
789 766 886 832 oivile
909 774 943 833 et
955 769 1147 834 canonicum
1157 769 1244 834 inter

209 891 247 936 se
269 874 410 936 mixtum
433 877 467 936 et
487 871 613 936 unitum
634 873 733 956 quasi
745 870 802 956 J'us
815 872 963 955 gentium
978 869 1077 936 modii
1092 872 1167 936 aevi
1187 889 1245 938 re·

210 975 348 1060 peritur.
391 977 525 1052 Boeoti,
548 975 643 1038 Batos
664 980 699 1038 et
720 973 860 1039 oliorum
882 993 995 1061 opera.

145 1075 187 1160 d)
211 1075 295 1143 Inde
315 1075 536 1160 vocabularii,
558 1075 853 1160 velvooabuloria,
876 1079 1061 1162 repertorio
1080 1079 1115 1142 in
1136 1077 1245 1142 forma

209 1178 343 1248 loxioali
364 1214 406 1227 -
436 1180 556 1266 quibus
582 1180 639 1265 jus
668 1179 766 1246 oivile
795 1187 829 1248 et
852 1177 1056 1246 Oenouioum
1085 1187 1246 1266 tanquam

213 1281 340 1370 duplex
365 1282 452 1368 juris
480 1283 557 1348 fons
585 1282 849 1348 demonstratum
890 1289 959 1367 est,
990 1287 1038 1348 ita
1068 1291 1106 1350 ut
1127 1303 1247 1350 revera

208 1387 265 1472 jus
292 1383 494 1452 Canonieum
516 1387 602 1452 inter
622 1384 716 1473 leges
746 1385 981 1454 dominaretur.
1024 1385 1120 1454 Haeo
1142 1405 1247 1474 opera

210 1491 333 1575 partim
353 1491 443 1576 typis
467 1488 557 1556 edite
578 1492 702 1576 purtim
729 1487 936 1557 solummodo
959 1491 1088 1577 seripta
1117 1490 1247 1557 inveni-

211 1599 328 1676 untur,
357 1593 418 1660 sed
448 1593 538 1660 nullo
560 1593 660 1660 modo
682 1594 844 1680 perfeeto.

148 1695 186 1782 e)
209 1695 327 1764 Novus
350 1696 435 1764 ordo
456 1697 768 1764 historico-criticus
799 1699 1000 1764 constitutus
1024 1706 1094 1783 est,
1124 1719 1192 1784 quo
1212 1698 1247 1764 hi

212 1800 325 1867 fontes
347 1800 465 1868 melius
480 1800 757 1885 discernerentur,
779 1823 840 1868 neo
855 1800 964 1868 solum
978 1821 1047 1884 ree,
1067 1799 1129 1868 sed
1146 1801 1247 1868 etiam

212 1901 452 1971 vocabulorum
473 1925 555 1970 usus
576 1907 625 1970 ita
640 1905 903 1990 ordinarentur,
932 1912 971 1972 ut
993 1909 1143 1990 systema
1160 1904 1247 1990 juris

211 2027 273 2093 per
295 2007 439 2072 medium
462 2027 580 2074 aevum
601 2029 708 2096 usque
730 2008 775 2074 ad
793 2017 908 2076 nostro
930 2017 1084 2096 tempora
1105 2024 1249 2094 progre-

213 2105 306 2176 diens
327 2109 579 2196 intelligeretur.
602 2111 836 2198 Desideratur,
858 2119 896 2179 ut
916 2111 1065 2178 latinitas
1083 2111 1170 2196 juris
1189 2128 1249 2174 oa·

215 2214 325 2278 nonioi
350 2212 466 2280 eodem
488 2214 597 2298 modo,
621 2235 688 2302 quo
698 2215 783 2300 juris
800 2215 906 2282 oivilis
927 2214 1088 2298 latinitas,
1110 2232 1250 2280 conser-

214 2322 329 2381 vetur:
350 2318 495 2402 inquom
516 2317 778 2383 finemnostruin
790 2318 965 2403 opusvirie
979 2316 1087 2384 doctis
1099 2315 1248 2382 offertur.

104 2417 180 2481 Jus
211 2417 324 2483 civile.
379 2419 530 2504 Legibus
558 2419 786 2506 imperialibus
815 2426 953 2488 utrmtur
981 2419 1157 2506 pontifices
1186 2437 1249 2505 pro

199 2521 516 2607 temporalibus
539 2522 669 2589 rebus
692 2522 930 2590 tantummodo.
952 2543 979 2590 e
1003 2522 1033 2590 8.
1054 2521 1132 2590 diet.
1155 2522 1205 2590 10.

241 2626 420 2688 Benedictus
441 2623 539 2691 XIV.
560 2624 617 2692 lib.
639 2628 669 2692 9.
692 2647 720 2695 e.
743 2627 793 2693 10.

244 2729 397 2793 ibomoee.
418 2726 460 2793 Π.
482 2725 537 2793 lib.
562 2730 590 2793 1.
613 2749 640 2794 o.
664 2731 715 2797 91.
736 2751 785 2796 nr.
809 2731 859 2796 14.
883 2728 932 2796 15.
956 2731 1017 2802 16..

110 2829 183 2896 Jue
205 2826 306 2896 oivile
327 2832 420 2897 varie
448 2831 652 2919 mrdtumque
681 2840 845 2900 mutatum
883 2841 937 2902 est
965 2832 1044 2920 jure
1077 2830 1248 2900 Oanonioo

200 2933 340 3020 ejusque
360 2955 423 3000 usu
445 2942 592 3022 recepto.
614 2934 655 3002 V.
680 2934 884 3004 Canonioum
902 2937 970 3024 jue.

108 3036 183 3102 Jus
206 3034 363 3118 gentium
384 3035 591 3122 positivum.

156 3136 192 3224 1)
214 3137 272 3204 Ex
293 3143 402 3227 poetis
425 3149 459 3208 et
480 3143 627 3209 moribus
657 3145 744 3209 inter
766 3149 885 3229 gentes
908 3143 1138 3228 constituitur,
1167 3144 1252 3210 etsi

216 3243 297 3330 quid
328 3243 479 3331 defioiot,
509 3245 545 3310 id
566 3245 622 3312 vel
643 3265 686 3313 ex
705 3245 783 3332 jure
806 3245 918 3313 divino
947 3245 1093 3312 naturali
1120 3245 1176 3314 vel
1207 3264 1253 3312 ox

212 3345 289 3432 juro
322 3347 490 3413 hominum
518 3347 674 3415 rationali
704 3350 894 3416 assumitur.
946 3347 1004 3416 Ex
1028 3349 1107 3436 jure
1135 3349 1248 3416 divino
1370 3361 1378 3372 “

218 3451 327 3516 omnia
356 3453 541 3517 eommunia
572 3459 648 3518 sunt
679 3452 850 3536 omnibus,
881 3472 962 3540 ergo
984 3473 1077 3520 mare
1105 3454 1252 3542 pertinet

217 3551 261 3618 ed
283 3573 395 3622 omnes
418 3561 537 3644 gentes
560 3575 741 3644 earumque
768 3556 932 3642 subditos,
955 3555 1031 3626 dist.
1043 3559 1072 3624 8.
1093 3558 1129 3622 in
1149 3558 1253 3644 prino.

155 3652 192 3740 2)
215 3655 433 3724 adsumendas
446 3661 693 3728 coutroversiae
716 3665 769 3727 est
786 3659 1094 3748 jusbellietpaois.
1116 3659 1252 3734 Deoret

108 3861 186 3928 Jus
207 3859 244 3928 in
266 3879 306 3928 re
327 3898 370 3911 -
393 3862 543 3931 adrem:
564 3871 698 3951 spectat
720 3865 764 3933 ad
785 3867 1037 3953 requisitionem
1059 3872 1094 3956 et
1113 3865 1250 3933 institu-

198 3968 322 4034 tionem
345 3967 581 4036 benefioiorum
603 4003 645 4018 -
667 3976 738 4036 tum
759 3969 1004 4040 extendebatur
1037 3969 1082 4038 ad
1102 3971 1253 4058 aequisi-

198 4069 324 4137 tionem
345 4071 507 4139 bonorum
528 4073 563 4138 in
585 4093 717 4159 genero.

104 4174 183 4240 Jue
204 4174 375 4241 naturale
391 4178 464 4242 est:

153 4275 190 4363 l)
213 4277 306 4365 apud
334 4277 522 4366 Romanos,
561 4279 653 4368 quod
680 4280 846 4348 naturalis
874 4283 962 4350 ratio
993 4301 1108 4351 omnes
1136 4287 1254 4368 gentes

215 4381 338 4469 doouit,
361 4383 545 4470 habuitque
575 4383 658 4454 duos
680 4385 794 4454 fontes
824 4419 866 4438 ···
895 4405 1003 4456 moros
1037 4387 1186 4474 gentium
1216 4391 1251 4450 et
