3080 5150
560 390 799 458 -115-

190 579 318 632 vacuus
340 597 383 610 -
406 583 494 649 quac
517 566 627 628 omnia
649 565 780 650 acecpit
802 561 1036 648 subdiaconus,
1059 583 1134 630 cum
1155 563 1246 630 ordi-

190 676 308 733 natur:
342 689 386 734 cx
415 667 561 732 moribus
585 669 670 733 cnim
691 666 892 751 mcdiiacvi,
913 674 1049 753 quaest
1070 670 1104 732 in
1126 668 1245 732 officiis

192 770 503 838 saecularibus
531 791 559 836 o.
589 789 620 856 g.
650 772 856 838 notariorum
885 769 950 836 alio
980 769 1080 836 modo
1110 777 1246 857 rsoapta

194 881 300 942 crant.

262 1001 289 1048 o
312 978 362 1044 15.
385 977 461 1046 dist
483 979 534 1044 23.

265 1103 291 1150 c.
315 1085 343 1148 1.
366 1082 539 1152 distat„
585 1129 589 1140 .

89 1185 250 1252 Mamer
273 1219 314 1234 -
337 1185 380 1252 do
401 1193 513 1262 scorto
534 1193 688 1252 natus—-
702 1208 746 1252 ex
769 1194 886 1272 stupro
908 1193 1116 1272 procreatus,
1146 1207 1173 1251 c.
1197 1188 1247 1252 10.

193 1290 242 1356 X.
263 1289 289 1356 I.
312 1291 342 1356 9.
362 1289 407 1375 gl.
430 1289 475 1358 ad
496 1289 529 1357 h.
550 1297 574 1356 t.
596 1294 729 1354 Borma
751 1290 864 1356 adnot.
886 1298 920 1358 at
942 1293 984 1354 du
1005 1292 1123 1356 Fiesae.

92 1395 238 1478 Mappa
259 1396 280 1459 i.
299 1415 329 1459 a.
349 1396 456 1460 restis
479 1393 607 1478 altaris,
629 1395 696 1460 vid.
719 1397 760 1458 da
782 1396 892 1458 lianc
912 1410 941 1460 s.
962 1409 992 1460 v.
1015 1396 1130 1460 vastis.

95 1495 321 1564 maranatha
351 1531 393 1544 -··
432 1496 524 1582 quod
552 1515 619 1562 non
648 1516 726 1570 raro
757 1496 963 1564 anathemati
991 1495 1247 1582 superadditum

136 1635 140 1642 ·
179 1607 259 1684 cst,
281 1607 320 1666 ut
342 1603 647 1666 excommunicatus
679 1599 871 1666 soliusti
895 1599 1021 1686 judicio
1044 1599 1180 1666 relictus
1203 1599 1247 1665 ab

197 1702 360 1790 cedenac
381 1705 618 1770 ¹communione
647 1709 824 1790 separatus
853 1721 1050 1790 permanare
1073 1702 1248 1787 jubcrctur

196 1826 305 1893 usqua
327 1805 371 1870 ad
393 1805 575 1872 adventum
597 1806 731 1872 Domini
752 1827 813 1872 scu
835 1805 879 1874 ad
902 1804 989 1872 diem
1005 1805 1131 1889 judicii

240 1908 487 1976 ‚cmxli
506 1908 539 1974 d.
558 1931 585 1975 s.
608 1909 651 1993 d.,
672 1932 703 1974 v.
725 1908 844 1976 Index.

104 2011 347 2080 Marroiarius
367 2047 409 2064 ν·-
440 2011 691 2098 (marguiliiers)
721 2016 881 2098 magister
908 2013 1076 2097 fabricae,
1102 2014 1247 2098 juratus,

127 2123 131 2130 ‘
160 2173 163 2178 .
197 2124 406 2204 promotor,
429 2119 579 2200 vitricus,
602 2137 632 2182 v.
655 2119 826 2195 dustram.
849 2115 1001 2200 (vitricus
1024 2118 1121 2202 quasi
1141 2116 1247 2182 laicus

197 2212 1248 2306 opponiturpatriecclcsiaaclarico).vitrioisuntAltermiinncr.

110 2322 326 2406 Martyrium
346 2326 367 2387 i.
391 2345 419 2389 a.
441 2326 661 2393 testimonium
685 2343 747 2410 pro
770 2325 915 2390 veritato
934 2321 1096 2388 ccclesiae
1118 2321 1248 2388 Catho-

197 2427 291 2492 linas
335 2426 392 2492 Ad
413 2446 529 2492 verum
551 2429 747 2510 martyrium
775 2429 953 2492 nonsatis
983 2433 1035 2492 ost
1063 2447 1172 2512 posca
1193 2425 1249 2492 val

201 2530 346 2612 tolerata
365 2549 467 2612 mors,
489 2530 550 2596 scd
570 2532 769 2615 requiritur,
790 2537 827 2595 ut
848 2527 1008 2595 toleretur
1038 2529 1081 2594 ob
1112 2549 1249 2594 causam

198 2633 277 2698 fidei
300 2631 436 2701 Christi.
479 2621 675 2718 Antiquitas
690 2653 808 2700 nomon
830 2633 991 2717 Martyris
1015 2639 1049 2697 et
1064 2629 1250 2698 Confesso-

195 2737 243 2801 ris
266 2739 455 2822 promiscua
483 2737 692 2820 sumebatur,
724 2757 908 2823 progressu
935 2743 1049 2802 tamen
1077 2737 1249 2822 temporis,

192 2847 235 2905 ut
255 2841 294 2904 fit
309 2843 416 2907 ctiam
436 2859 532 2924 mmo,
576 2839 729 2906 Ecclesia
751 2842 923 2908 consueuit
939 2859 1061 2907 noman
1087 2839 1250 2924 Martyris

203 2950 237 3008 ct
258 2941 471 3010 Oonfsssoris
501 2945 656 3010 distincto
685 2963 858 3029 usurpare.
901 2943 941 3010 In
970 2965 1095 3010 canona
1128 2944 1250 3008 missac

119 3097 122 3104 ,
199 3053 365 3131 martyres
389 3046 497 3112 solum
519 3055 553 3114 ot
574 3067 641 3111 non
670 3048 879 3114 confessores
901 3049 1121 3114 nominantur.
1164 3047 1249 3109 Fora.

198 3172 248 3216 nr.
270 3151 322 3215 33.
340 3149 563 3216 canonisatio
587 3158 621 3214 st
655 3150 859 3216 beatificatio
888 3150 1090 3216 formalis
1120 3151 1160 3214 fit
1188 3168 1250 3235 por

201 3252 307 3318 solum
329 3253 466 3339 Papam.
512 3252 553 3318 V.
575 3257 687 3318 Bcaed.
705 3252 804 3320 XIV.
826 3255 860 3318 in
882 3251 1044 3337 singulari
1065 3251 1107 3318 do
1128 3252 1193 3316 hac
1213 3271 1252 3317 rs

198 3355 294 3422 libro.
329 3355 371 3422 V.
398 3360 555 3420 Baoacoti
582 3377 609 3421 s.
637 3378 669 3420 v.
700 3355 723 3422 J
732 3357 980 3442 apponium3
1014 3358 1087 3418 Piae
1116 3353 1181 3422 IX.
1217 3361 1251 3421 ot

199 3473 306 3526 annus
338 3461 432 3526 1862.
468 3463 502 3524 in
535 3460 766 3526 beatificandis
798 3459 822 3527 J
829 3461 1009 3546 apponii
1038 3457 1251 3545 martyribus.

200 3566 395 3628 Ferrarius.
424 3586 456 3631 v.
486 3562 606 3628 Cultus
629 3561 838 3631 Sanctorum.

116 3663 422 3748 martyrologium.
444 3666 485 3731 V.
509 3669 637 3731 Fertor.

115 3768 262 3835 Murcha
296 3768 538 3856 Stcrlingorum
573 3781 628 3818 —·'
643 3777 778 3838 moneta
807 3768 996 3856 Anglorum
1027 3771 1151 3835 usitata
1180 3769 1252 3856 jam

199 3893 287 3939 anno
312 3875 406 3940 1226.

267 3998 295 4042 c.
320 3977 373 4042 12.
392 3976 439 4041 X.
463 3977 504 4042 dc
525 3983 732 4062 procurator.
755 3976 781 4042 L
803 3976 855 4042 38.
945 3985 948 3992 '

116 4078 301 4145 Matrioula
323 4087 375 4146 est
385 4079 560 4165 catalogus
584 4081 826 4164 canonicorum,
849 4076 1054 4162 clericorum,
1077 4077 1250 4144 muliorum

199 4203 390 4270 egenarum.
531 4219 535 4229 ·

114 4283 379 4369 Matrioulariaa
401 4316 443 4368 ...5
466 4285 632 4352 muheres.

270 4388 548 4455 antudinam.
