3108 5138
593 329 808 395 ..41-

122 504 365 573 Consuetudo
834 588 847 601 l

175 611 213 696 a)
235 614 270 674 in
291 611 436 675 Decreto
470 606 545 672 dist.
576 609 604 673 1.
624 629 650 671 0.
674 608 702 672 5.
729 605 1270 674 antecessores.

238 714 314 778 dist.
337 714 386 776 11.
410 732 438 774 o.
462 713 489 774 1.
508 713 538 776 4.
561 710 590 775 5.
614 713 642 775 6.
666 713 694 775 7.
718 710 855 776 1110112.
878 731 903 774 0.
927 710 955 775 3.
979 712 1008 773 4.
1032 707 1060 773 5.
1084 711 1112 774 6.
1137 712 1164 774 7.
1189 711 1218 775 8.
1241 713 1270 776 9.

238 819 288 880 10.
313 817 361 878 11.
386 817 436 878 12.

172 919 214 1005 1))
236 921 271 983 11
291 917 459 983 Decretul.
484 917 586 1003 Greg.
610 920 638 982 1.
660 920 690 983 4.
713 926 829 984 sextus
851 919 877 984 Ι.
898 921 928 982 4.

238 1021 443 1088 consuetudo
474 1041 582 1108 neque
609 1023 807 1107 impugnare
835 1021 936 1086 debet
961 1021 1018 1106 jus
1054 1020 1206 1086 naturale
1237 1027 1270 1087 et

237 1128 411 1208 rationem,
441 1145 679 1189 1000010101]
709 1124 879 1190 ecciesiae.
930 1123 1179 1190 Praelectiones
1205 1126 1271 1211 jur.

243 1252 314 1294 001.
336 1229 476 1293 Parisiis
501 1228 594 1292 1857.
616 1233 694 1292 tom.
716 1227 741 1293 I.
763 1250 795 1313 p.
816 1229 844 1292 8.
867 1231 896 1293 9.
1018 1257 1034 1268 -

239 1331 455 1397 Consuetudo
477 1333 579 1415 igitur
600 1333 633 1394 in
652 1331 729 1415 jure
749 1333 907 1396 canonico
931 1331 1029 1395 aliam
1051 1333 1271 1421 significatio-

237 1457 312 1500 nem
333 1435 446 1518 habet,
470 1455 569 1520 quarn
589 1437 622 1498 in
640 1435 717 1519 jure
739 1435 899 1499 Romano.
923 1435 1045 1500 Differt
1067 1435 1271 1506 consuetudo

223 1540 257 1624 1)
292 1560 312 1602 a
333 1539 520 1602 traditione.
552 1537 705 1602 Traditio
728 1547 762 1603 et
781 1538 984 1603 consuetudo
1009 1538 1095 1604 duae
1118 1547 1271 1622 suntres,

290 1663 376 1727 quae
398 1640 523 1726 aliqud
547 1661 717 1706 commune
740 1640 874 1725 habent,
896 1644 930 1704 in
964 1662 1030 1726 quo
1061 1645 1271 1726 conveniunt,

290 1745 416 1831 aliquid
437 1747 609 1830 proprium
633 1742 667 1810 dt
689 1744 868 1829 singulare,
892 1763 958 1830 quo
981 1744 1146 1809 differunt.
1184 1746 1273 1809 Tra-

290 1849 370 1914 ditio
394 1869 460 1912 101
482 1850 588 1912 minus
612 1868 710 1932 quam
734 1847 939 1912 consuetudo
961 1869 1024 1912 101
1042 1851 1149 1932 magis
1172 1867 1273 1934 quam

291 1955 458 2037 scriptura
479 1954 605 2034 nititur,
629 1951 787 2016 differunt
809 1959 938 2034 autem,
962 1951 1053 2035 quod
1083 1951 1272 2016 traditionis

290 2057 429 2119 materia
458 2060 572 2140 potest
602 2075 676 2119 esse
705 2063 774 2118 tam
804 2055 927 2138 dogma
957 2075 1055 2140 quum
1088 2054 1272 2140 disciplina,

291 2155 539 2225 consuetudinis
562 2165 674 2223 autem
695 2158 923 2222 tantummodo
945 2158 990 2241 id,
1022 2157 1112 2244 quod
1134 2158 1178 2221 ad
1200 2159 1271 2223 dis-

291 2263 444 2349 ciplinam
478 2269 620 2347 spectat.
677 2261 829 2324 Traditio
862 2269 914 2325 001
939 2262 1025 2345 juris
1055 2261 1273 2342 divini‚,'ali-

292 2367 423 2450 quando
447 2369 546 2430 etiam
569 2365 718 2448 humani,
742 2363 801 2428 sed
825 2363 1031 2427 consuetudo
1054 2383 1185 2450 semper
1207 2365 1272 2428 hu-

290 2472 385 2534 mani.
409 2473 520 2530 Pontio
543 2468 585 2533 de
607 2470 731 2553 antiqu.
754 2490 786 2554 p.
811 2469 859 2531 14.

219 2571 255 2657 2)
291 2571 506 2638 Consuetudo
524 2573 610 2656 juris
635 2573 783 2637 canonici
796 2571 861 2636 alia
883 2579 946 2654 est,
969 2591 1070 2656 quam
1087 2573 1174 2657 juris
1190 2573 1273 2636 civi-

288 2676 338 2740 lis.
382 2675 447 2740 Hic
476 2671 718 2760 respiciendum
741 2682 794 2738 est
820 2674 864 2738 ad
894 2677 1039 2740 civitatis
1071 2677 1273 2741 constitutae

289 2778 406 2864 legem.
445 2778 484 2842 In
505 2778 677 2864 republica
701 2777 926 2842 democratioa
954 2777 1009 2842 vel
1040 2775 1274 2842 aristocratiae

283 2882 327 2946 -fit
349 2882 556 2946 consuetudo
577 2884 653 2966 ipso
672 2882 749 2966 jure
781 2880 950 2967 perillus,
974 2884 1030 2966 qui
1051 2883 1217 2967 imperant
1239 2888 1273 2944 et

289 2985 398 3068 legem
409 2985 530 3049 serunt.
553 2984 636 3050 132.
659 2985 701 3051 D.
718 2985 760 3049 de
782 2983 847 3069 leg.
871 2992 905 3049 et
917 3004 1099 3050 cousensus
1122 2984 1272 3056 aliorum,

289 3087 344 3151 vel
374 3087 580 3152 confirmatio
598 3087 721 3172 judicis
745 3087 887 3152 defieore
902 3094 1025 3172 potest
1069 3087 1108 3151 In
1137 3108 1273 3153 moner-

289 3192 381 3256 chioo
403 3193 563 3276 regimine
583 3209 764 3256 cousensus
786 3193 947 3276 principis
968 3187 1023 3255 vel
1041 3193 1194 3270 rectoris,
1215 3193 1273 3275 qui

288 3297 431 3360 forsitan
452 3302 566 3381 potest
590 3315 664 3360 esse
686 3297 818 3378 1001110,
842 3293 1059 3359 desideratur.
1085 3293 1107 3357 l.
1129 3295 1158 3358 2.
1189 3291 1272 3360 coe

292 3419 378 3484 quae
400 3420 427 3463 s.
448 3398 469 3462 l.
492 3419 518 3462 0.
1023 3417 1026 3424 ·

332 3501 371 3565 11
390 3503 466 3586 jure
490 3505 648 3566 canonico
667 3509 963 3586 autempraeterea
976 3502 1062 3565 duae
1077 3500 1164 3565 aliae
1186 3521 1273 3586 qua-

288 3603 401 3668 litates
424 3595 647 3689 requiruntur,
670 3611 708 3668 ut
731 3605 934 3670 0010101110
956 3607 1000 3668 011
1015 3600 1222 3668 rationabilis
1239 3612 1273 3669 et

289 3711 509 3794 praescripta.
553 3709 654 3772 Ratio
685 3717 737 3774 ost
766 3711 852 3772 ratio
887 3709 1075 3773 christiana.
1120 3703 1273 3772 Consue-

291 3810 373 3876 tudo
395 3810 465 3895 legi
487 3811 735 3876 ecclesiasticae
759 3815 921 3878 communi
944 3811 1110 3896 derogans
1134 3818 1169 3874 et
1192 3832 1273 3876 001-

289 3917 395 3978 110110
416 3936 483 3978 101
504 3913 604 3978 valet.
628 3937 654 3980 0.
678 3918 705 3979 l.
728 3916 756 3980 3.
779 3919 808 3979 4.
834 3917 862 3979 7.
887 3917 935 3979 11.
957 3916 1005 3980 Χ.
1026 3907 1229 3980 1100010101

134 4013 365 4080 Consuetudo
387 4037 464 4080 uum
485 4021 598 4081 vincat
620 4018 751 4102 legem?
776 4017 819 4102 gl.
842 4018 886 4081 ad
909 4039 934 4082 0.
957 4021 987 4081 4.
1010 4017 1086 4081 dist.
1105 4017 1158 4080 Ι11.

136 4107 365 4185 Consuetudo
375 4120 473 4184 -Ut
485 4128 596 4185 autem
610 4121 725 4185 melius
742 4124 840 4204 00100,
864 4141 951 4206 quae
962 4121 1271 4206 consuetudoprae-

214 4222 343 4308 judicet
353 4222 421 4308 legi
431 4223 486 4287 vel
502 4222 745 4288 constitutioni:
769 4225 934 4308 generalis
947 4223 1193 4297 consuetudinis
1204 4223 1271 4286 aliu

134 4341 145 4374 -·
218 4323 426 4394 rationabilis
439 4329 582 4398 0110101
599 4339 665 4397 est:
687 4327 896 4394 rationabilis
910 4328 1055 4413 abrogat
1068 4325 1186 4412 legem,
1205 4345 1272 4390 nou
