3108 5138
568 343 782 408 ...53-

103 515 324 602 nispensare
345 517 367 582 i.
392 536 420 580 e.
443 514 620 601 disponere
643 515 807 580 derebus
843 514 1005 582 acclesiae
1027 525 1061 582 et
1082 517 1247 584 redituum

192 619 373 684 divisorum
394 621 428 681 in
451 624 595 702 quatuor
617 625 743 704 partes,
769 639 795 682 e.
819 619 868 682 18.
892 615 928 682 C.
950 618 1015 683 XI.
1038 641 1091 704 qu.
1114 621 1144 685 3.
1337 611 1341 616 ⁵

101 720 332 808 llispensatio
355 720 521 807 pendete
547 722 622 806 jure
649 721 791 820 ferendit
809 721 920 806 leges,
950 725 1111 808 competit
1132 724 1169 788 P.
1193 723 1246 809 S.;

128 883 132 891 .
192 825 355 911 Episcopi
378 824 573 910 dispensare
594 832 746 910 possunt,
770 846 843 890 cnm
865 825 910 888 ad
934 825 1048 890 sedem
1060 826 1246 892 Romanam

192 948 260 994 non
293 935 346 992 est
368 927 488 992 aditus.
531 929 656 1004 Phillipa
679 948 784 1013 comp.
803 929 868 1014 jur.
892 947 964 1008 ean.
981 927 1023 992 de
1048 929 1245 1014 dispensatt.

194 1031 302 1106 Koba,
327 1029 404 1094 diss.
428 1031 626 1093 exercitium
644 1030 728 1114 juris
753 1051 868 1102 canon.
891 1029 1139 1114 Heidelbergae
1152 1034 1245 1096 1786.

193 1132 344 1199 Gratian.
373 1131 448 1196 dist.
466 1131 515 1195 13.
530 1132 579 1194 14.
592 1134 676 1196 Ferr.
688 1153 713 1198 s.
726 1154 756 1196 v.
781 1133 1004 1220 dispensatio:
1028 1132 1243 1217 distinguitur

191 1257 212 1298 a
219 1235 296 1320 jure
308 1236 540 1316 restitutionis,
553 1233 780 1316 relaxationis,
795 1237 1053 1316 retractationis,
1066 1234 1246 1300 redemtio-

190 1341 253 1420 nis,
277 1338 491 1420 cessationis3
514 1335 705 1422 specialiter
727 1340 761 1401 in
782 1337 1025 1422 impedimentis
1049 1337 1242 1402 relaxandis

191 1441 407 1532 matrimonii,
430 1439 521 1526 quod
543 1442 665 1504 attinet
687 1439 731 1504 ad
755 1461 855 1505 voces
879 1439 1057 1512 relaxatio,
1080 1438 1242 1504 redemtio

200 1547 234 1607 in
262 1545 384 1628 specie,
406 1565 437 1606 v.
460 1547 590 1622 Riponti
614 1541 657 1606 ad
687 1564 757 1628 reg.
779 1542 910 1608 XVIII.
935 1541 1067 1608 cancell.
1092 1543 1240 1628 Dispen-

193 1647 279 1711 satio
311 1680 352 1690 -—
374 1668 406 1711 v.
429 1649 522 1710 Bera.
546 1649 625 1723 Pop.
648 1643 688 1709 V.
708 1646 737 1712 2.
762 1643 789 1729 ᾖ.
813 1646 842 1710 6.
855 1665 905 1730 sq.

99 1745 381 1814 Distributiones
403 1749 530 1812 fiebant
551 1750 637 1812 inter
661 1747 799 1813 clericos
834 1747 1055 1834 quotidianae.
1091 1751 1242 1810 Thamara

189 1854 223 1914 in
244 1850 365 1916 Indice.
389 1849 429 1915 V.
452 1872 585 1936 quoque
609 1853 755 1913 Ferraria

101 1952 284 2020 Illvinatio
304 1989 345 2000 -
365 1953 522 2018 delictum
544 1953 805 2019 ecclesiasticum
817 1974 932 2040 -per
948 1961 1057 2018 sortes
1070 1988 1111 1998 —
1125 1952 1244 2040 appel-

191 2058 281 2122 latur
303 2056 519 2141 sortilegium,
544 2060 692 2122 censuris
717 2065 750 2121 et
773 2057 845 2121 aliis
868 2059 984 2143 poenis
1006 2059 1151 2142 punitur.
1174 2075 1202 2118 c.
1216 2057 1244 2120 1.

193 2159 230 2226 Ο.
256 2159 393 2225 XXVL
423 2181 476 2244 qu.
507 2159 536 2222 3.
565 2162 594 2222 4.
626 2182 651 2223 c.
685 2161 712 2222 1.
743 2161 772 2225 2.
794 2159 842 2224 X.
873 2159 915 2224 de
946 2157 1092 2244 sortileg.
1121 2157 1161 2222 V.
1193 2159 1243 2221 21.

193 2263 349 2328 Constitt.
380 2263 498 2324 Leonis
510 2262 557 2326 X.
587 2265 667 2324 sexa
688 2261 729 2326 V.
753 2264 879 2340 Grepor.
901 2261 981 2326 XV.
1014 2263 1130 2324 Urbani
1151 2258 1244 2325 VIII

190 2369 304 2430 Benaci.
326 2363 424 2430 XIV.
446 2367 556 2426 Devoti
577 2366 628 2428 tit.
650 2363 747 2430 XIII.
771 2366 821 2427 111.
845 2363 887 2428 de
911 2363 1051 2428 delictis.

101 2455 307 2536 Ilivortium

141 2572 181 2658 a)
200 2574 286 2658 juris
310 2571 461 2636 Romani.
505 2568 582 2634 Etsi
603 2569 741 2634 libertas
765 2577 798 2635 et
818 2567 1004 2635 hierarchia
1025 2568 1187 2648 eeclesiae
1208 2571 1243 2632 in

204 2676 344 2761 imperio
367 2665 519 2738 Romano
542 2679 679 2758 recepta
703 2680 786 2756 erat,
809 2679 921 2736 tamen
951 2671 1157 2766 retinebatur
1185 2672 1240 2756 jus

204 2779 301 2844 civile
322 2778 548 2842 Romanorum
577 2777 837 2858 matrimoniale,
863 2775 925 2841 sed
954 2773 1020 2840 fide
1051 2773 1242 2840 Christiana

205 2880 400 2946 remanebat
436 2886 681 2944 sacramentum
716 2878 962 2962 indissolubile,
993 2887 1026 2944 et
1064 2879 1242 2942 divortIum

205 2981 414 3048 solummodo
437 2982 615 3068 spectabat
637 2982 681 3046 ad
701 2981 893 3047 solvendam
914 2981 1118 3045 individuam
1150 2982 1242 3043 vitae

208 3084 489 3151 consuetudinem.
540 3089 653 3147 Pensio
683 3088 718 3148 in
750 3088 799 3149 tit.
830 3084 870 3148 de
893 3083 1055 3148 divortiis.

141 3189 179 3272 b)
198 3191 286 3274 juris
311 3187 471 3252 Canonici
493 3223 535 3233 -
559 3187 738 3252 divortium
759 3207 846 3250 nune
877 3186 997 3250 dloitur
1027 3188 1197 3272 separatio
1221 3207 1242 3250 a

196 3293 296 3357 thoro
320 3299 354 3357 et
375 3313 499 3356 mensa.
524 3294 635 3357 Bencd.
646 3289 744 3355 XIV.
766 3293 800 3352 in
823 3296 927 3354 const.
949 3289 1015 3352 Dei
1029 3291 1241 3353 miseratione

204 3395 250 3458 ad
271 3395 432 3460 Polonioc
447 3393 624 3459 Antistites
649 3396 698 3458 11.
712 3393 796 3478 Apr.
810 3393 891 3456 1741
918 3399 952 3456 et
975 3392 1024 3456 18.
1046 3391 1128 3454 Maii
1147 3392 1241 3456 1743.

102 3500 238 3564 llocere
260 3501 294 3562 in
317 3493 467 3564 ecclesiis
491 3497 682 3562 mulieribus
705 3495 870 3579 nonlicet,
892 3516 954 3559 nee
968 3493 1063 3558 laicis
1078 3514 1241 3579 praesen-

187 3601 278 3666 tibus
303 3601 443 3684 clericis,
467 3621 493 3664 c.
518 3601 567 3665 29.
591 3600 666 3664 dist.
690 3599 741 3663 23.

48 3781 51 3788 ,
101 3707 236 3770 Doctor
256 3712 290 3770 et
314 3701 500 3770 Scholares.
522 3703 565 3786 gl.
589 3703 633 3766 ad
655 3723 803 3788 prooem.
825 3703 860 3764 in
882 3699 954 3765 VI⁰.

102 3809 322 3873 lloctoratus
344 3814 378 3872 et
401 3807 457 3870 alii
479 3807 615 3890 gradus,
639 3827 659 3870 a
682 3807 802 3892 quibus
834 3806 977 3870 conferri
999 3802 1164 3890 possunt?
1197 3804 1241 3889 gl.

180 3910 234 3974 ad
256 3911 347 3974 clem.
370 3911 399 3973 2.
421 3908 462 3973 V.
487 3911 536 3975 16.

102 4013 320 4080 doctoratus
341 4011 397 4077 vel
419 4013 655 4096 magisterium.
698 4012 863 4076 Dicuntur
885 4011 1069 4094 Doctores,
1101 4015 1157 4097 qui
1179 4011 1241 4077 do-

189 4122 265 4182 cent
283 4117 339 4200 jus
363 4119 555 4180 canonicum
585 4123 618 4182 et
641 4115 753 4179 civile:
776 4151 817 4160 -
840 4118 994 4199 magistri
1025 4114 1177 4178 dicuntur
1206 4118 1241 4178 in

188 4219 360 4304 theologia
381 4219 436 4284 vel
460 4221 587 4284 artibus
611 4226 645 4283 et
668 4221 780 4304 quiin
809 4221 921 4304 specie
955 4218 1076 4283 docent
1110 4225 1239 4302 septem

187 4322 345 4390 liberales
391 4331 490 4390 artes.
555 4322 624 4391 Sed
664 4321 913 4390 Ultramontani
950 4323 970 4388 i.
1016 4343 1043 4389 e.
1080 4321 1240 4390 Germani
