<?xml version="1.0" encoding="UTF-8"?>
<!DOCTYPE html PUBLIC "-//W3C//DTD XHTML 1.0 Transitional//EN"
    "http://www.w3.org/TR/xhtml1/DTD/xhtml1-transitional.dtd">
<html xmlns="http://www.w3.org/1999/xhtml" xml:lang="en" lang="en">
 <head>
  <title>
</title>
<meta http-equiv="Content-Type" content="text/html;charset=utf-8" />
  <meta name='ocr-system' content='tesseract 3.04.00' />
  <meta name='ocr-capabilities' content='ocr_page ocr_carea ocr_par ocr_line ocrx_word'/>
</head>
<body>
  <div class='ocr_page' id='page_1' title='image "./manualelatinita00rossgoog_0074.png"; bbox 0 0 3108 5138; ppageno 0'>
   <div class='ocr_carea' id='block_1_1' title="bbox 590 403 803 470">
    <p class='ocr_par' dir='ltr' id='par_1_1' title="bbox 590 403 803 470">
     <span class='ocr_line' id='line_1_1' title="bbox 590 403 803 470; baseline 0 -18"><span class='ocrx_word' id='word_1_1' title='bbox 590 403 803 470; x_wconf 68' lang='lat'><strong>..51-</strong></span> 
     </span>
    </p>
   </div>
   <div class='ocr_carea' id='block_1_2' title="bbox 112 571 1265 3666">
    <p class='ocr_par' dir='ltr' id='par_1_2' title="bbox 118 571 1265 666">
     <span class='ocr_line' id='line_1_2' title="bbox 118 571 1265 666; baseline 0.002 -28"><span class='ocrx_word' id='word_1_2' title='bbox 118 571 276 644; x_wconf 81' lang='lat' dir='ltr'><strong>Devotio</strong></span> <span class='ocrx_word' id='word_1_3' title='bbox 300 573 345 640; x_wconf 85' lang='lat' dir='ltr'><strong>ud</strong></span> <span class='ocrx_word' id='word_1_4' title='bbox 367 577 529 662; x_wconf 79' lang='lat' dir='ltr'>imagines</span> <span class='ocrx_word' id='word_1_5' title='bbox 551 597 617 642; x_wconf 90' lang='lat' dir='ltr'><strong>non</strong></span> <span class='ocrx_word' id='word_1_6' title='bbox 639 584 691 642; x_wconf 86' lang='lat' dir='ltr'><strong>est</strong></span> <span class='ocrx_word' id='word_1_7' title='bbox 712 575 923 666; x_wconf 88' lang='lat' dir='ltr'><strong>impedienda</strong></span> <span class='ocrx_word' id='word_1_8' title='bbox 955 579 1094 642; x_wconf 64' lang='lat' dir='ltr'><strong>Ferrarii</strong></span> <span class='ocrx_word' id='word_1_9' title='bbox 1125 576 1191 643; x_wconf 91' lang='lat' dir='ltr'><strong>ind.</strong></span> <span class='ocrx_word' id='word_1_10' title='bbox 1212 580 1265 644; x_wconf 90' lang='lat' dir='ltr'><strong>rit.</strong></span> 
     </span>
    </p>

    <p class='ocr_par' dir='ltr' id='par_1_3' title="bbox 117 679 1264 850">
     <span class='ocr_line' id='line_1_3' title="bbox 117 679 1264 768; baseline 0.005 -26"><span class='ocrx_word' id='word_1_11' title='bbox 117 679 281 744; x_wconf 83' lang='lat' dir='ltr'><strong>Dextros</strong></span> <span class='ocrx_word' id='word_1_12' title='bbox 302 681 418 744; x_wconf 89' lang='lat' dir='ltr'><strong>intra</strong></span> <span class='ocrx_word' id='word_1_13' title='bbox 442 679 658 746; x_wconf 88' lang='lat' dir='ltr'><strong>ecclesiae</strong></span> <span class='ocrx_word' id='word_1_14' title='bbox 681 715 722 727; x_wconf 91' lang='lat'>—</span> <span class='ocrx_word' id='word_1_15' title='bbox 746 679 857 746; x_wconf 81' lang='lat' dir='ltr'>dextri</span> <span class='ocrx_word' id='word_1_16' title='bbox 886 687 963 746; x_wconf 90' lang='lat' dir='ltr'><strong>sunt</strong></span> <span class='ocrx_word' id='word_1_17' title='bbox 984 683 1122 768; x_wconf 86' lang='lat' dir='ltr'><strong>triginta</strong></span> <span class='ocrx_word' id='word_1_18' title='bbox 1143 703 1264 768; x_wconf 81' lang='lat' dir='ltr'><strong>passus</strong></span> 
     </span>
     <span class='ocr_line' id='line_1_4' title="bbox 215 781 707 850; baseline 0.006 -3"><span class='ocrx_word' id='word_1_19' title='bbox 215 781 501 847; x_wconf 84' lang='lat' dir='ltr'><strong>circaecclesiem.</strong></span> <span class='ocrx_word' id='word_1_20' title='bbox 525 787 566 846; x_wconf 84' lang='lat' dir='ltr'><strong>du</strong></span> <span class='ocrx_word' id='word_1_21' title='bbox 588 786 707 850; x_wconf 78' lang='lat' dir='ltr'><strong>Freeac.</strong></span> 
     </span>
    </p>

    <p class='ocr_par' dir='ltr' id='par_1_4' title="bbox 114 885 1264 1178">
     <span class='ocr_line' id='line_1_5' title="bbox 114 885 1264 976; baseline -0.002 -22"><span class='ocrx_word' id='word_1_22' title='bbox 114 885 302 974; x_wconf 78' lang='lat' dir='ltr'><strong>Diabolus</strong></span> <span class='ocrx_word' id='word_1_23' title='bbox 325 921 366 932; x_wconf 90' lang='lat'>—</span> <span class='ocrx_word' id='word_1_24' title='bbox 389 885 508 952; x_wconf 89' lang='lat' dir='ltr'><strong>dicitur</strong></span> <span class='ocrx_word' id='word_1_25' title='bbox 532 890 640 954; x_wconf 89' lang='lat' dir='ltr'><strong>oriens</strong></span> <span class='ocrx_word' id='word_1_26' title='bbox 663 895 761 954; x_wconf 87' lang='lat' dir='ltr'><strong>vetus</strong></span> <span class='ocrx_word' id='word_1_27' title='bbox 784 897 940 976; x_wconf 85' lang='lat' dir='ltr'><strong>respectu</strong></span> <span class='ocrx_word' id='word_1_28' title='bbox 961 887 1103 971; x_wconf 86' lang='lat' dir='ltr'><strong>Christi,</strong></span> <span class='ocrx_word' id='word_1_29' title='bbox 1134 888 1175 957; x_wconf 91' lang='lat' dir='ltr'><strong>de</strong></span> <span class='ocrx_word' id='word_1_30' title='bbox 1198 909 1264 974; x_wconf 91' lang='lat' dir='ltr'><strong>quo</strong></span> 
     </span>
     <span class='ocr_line' id='line_1_6' title="bbox 211 983 1264 1078; baseline 0 -24"><span class='ocrx_word' id='word_1_31' title='bbox 211 986 351 1075; x_wconf 87' lang='lat' dir='ltr'><strong>legitur:</strong></span> <span class='ocrx_word' id='word_1_32' title='bbox 395 988 561 1054; x_wconf 91' lang='lat' dir='ltr'><strong>Visitavit</strong></span> <span class='ocrx_word' id='word_1_33' title='bbox 582 1011 643 1055; x_wconf 91' lang='lat' dir='ltr'><strong>nos</strong></span> <span class='ocrx_word' id='word_1_34' title='bbox 667 994 777 1057; x_wconf 91' lang='lat' dir='ltr'><strong>oriens</strong></span> <span class='ocrx_word' id='word_1_35' title='bbox 800 1013 843 1058; x_wconf 87' lang='lat' dir='ltr'><strong>ex</strong></span> <span class='ocrx_word' id='word_1_36' title='bbox 866 993 943 1058; x_wconf 93' lang='lat' dir='ltr'><strong>alto.</strong></span> <span class='ocrx_word' id='word_1_37' title='bbox 967 992 1011 1078; x_wconf 86' lang='lat' dir='ltr'><strong>gl.</strong></span> <span class='ocrx_word' id='word_1_38' title='bbox 1034 991 1079 1056; x_wconf 90' lang='lat' dir='ltr'><strong>ad</strong></span> <span class='ocrx_word' id='word_1_39' title='bbox 1101 983 1129 1060; x_wconf 87' lang='lat' dir='ltr'><strong>c.</strong></span> <span class='ocrx_word' id='word_1_40' title='bbox 1152 991 1202 1057; x_wconf 82' lang='grc'><strong>25.</strong></span> <span class='ocrx_word' id='word_1_41' title='bbox 1227 991 1264 1057; x_wconf 85' lang='lat' dir='ltr'><strong>C.</strong></span> 
     </span>
     <span class='ocr_line' id='line_1_7' title="bbox 211 1091 478 1178; baseline -0.015 -20"><span class='ocrx_word' id='word_1_42' title='bbox 211 1091 348 1158; x_wconf 89' lang='lat' dir='ltr'>XXIV.</span> <span class='ocrx_word' id='word_1_43' title='bbox 372 1115 426 1178; x_wconf 88' lang='lat' dir='ltr'><strong>qu.</strong></span> <span class='ocrx_word' id='word_1_44' title='bbox 451 1094 478 1158; x_wconf 94' lang='lat'><strong>1.</strong></span> 
     </span>
    </p>

    <p class='ocr_par' dir='ltr' id='par_1_5' title="bbox 112 1193 1264 1290">
     <span class='ocr_line' id='line_1_8' title="bbox 112 1193 1264 1290; baseline 0.003 -28"><span class='ocrx_word' id='word_1_45' title='bbox 112 1195 321 1278; x_wconf 65' lang='lat' dir='ltr'><strong>metheluse,</strong></span> <span class='ocrx_word' id='word_1_46' title='bbox 344 1199 499 1286; x_wconf 89' lang='lat' dir='ltr'><strong>princeps</strong></span> <span class='ocrx_word' id='word_1_47' title='bbox 524 1197 645 1262; x_wconf 88' lang='lat' dir='ltr'><strong>mundi.</strong></span> <span class='ocrx_word' id='word_1_48' title='bbox 684 1198 728 1286; x_wconf 84' lang='lat' dir='ltr'><strong>gl.</strong></span> <span class='ocrx_word' id='word_1_49' title='bbox 751 1198 794 1264; x_wconf 89' lang='lat' dir='ltr'><strong>ad</strong></span> <span class='ocrx_word' id='word_1_50' title='bbox 818 1221 844 1264; x_wconf 92' lang='lat' dir='ltr'><strong>c.</strong></span> <span class='ocrx_word' id='word_1_51' title='bbox 868 1202 896 1265; x_wconf 94' lang='lat'><strong>1.</strong></span> <span class='ocrx_word' id='word_1_52' title='bbox 919 1193 957 1266; x_wconf 83' lang='lat' dir='ltr'><strong>O.</strong></span> <span class='ocrx_word' id='word_1_53' title='bbox 976 1199 1135 1268; x_wconf 91' lang='lat' dir='ltr'>XXXII.</span> <span class='ocrx_word' id='word_1_54' title='bbox 1158 1223 1211 1290; x_wconf 90' lang='lat' dir='ltr'><strong>qu.</strong></span> <span class='ocrx_word' id='word_1_55' title='bbox 1235 1203 1264 1266; x_wconf 92' lang='grc'><strong>2.</strong></span> 
     </span>
    </p>

    <p class='ocr_par' dir='ltr' id='par_1_6' title="bbox 112 1298 1265 1594">
     <span class='ocr_line' id='line_1_9' title="bbox 112 1298 1265 1389; baseline 0.003 -25"><span class='ocrx_word' id='word_1_56' title='bbox 112 1298 351 1366; x_wconf 79' lang='lat' dir='ltr'><strong>maeonissa.</strong></span> <span class='ocrx_word' id='word_1_57' title='bbox 382 1304 583 1382; x_wconf 71' lang='lat' dir='ltr'><em>Hieronymus</em></span> <span class='ocrx_word' id='word_1_58' title='bbox 597 1309 631 1365; x_wconf 93' lang='lat' dir='ltr'><strong>et</strong></span> <span class='ocrx_word' id='word_1_59' title='bbox 646 1301 802 1386; x_wconf 87' lang='lat' dir='ltr'><strong>vulgatus</strong></span> <span class='ocrx_word' id='word_1_60' title='bbox 817 1303 982 1389; x_wconf 83' lang='lat' dir='ltr'><strong>interpres</strong></span> <span class='ocrx_word' id='word_1_61' title='bbox 997 1303 1174 1369; x_wconf 87' lang='lat' dir='ltr'>bibliorum</span> <span class='ocrx_word' id='word_1_62' title='bbox 1190 1304 1265 1368; x_wconf 91' lang='lat' dir='ltr'><strong>foe-</strong></span> 
     </span>
     <span class='ocr_line' id='line_1_10' title="bbox 212 1403 1264 1491; baseline 0.004 -23"><span class='ocrx_word' id='word_1_63' title='bbox 212 1405 335 1468; x_wconf 88' lang='lat' dir='ltr'><strong>minam</strong></span> <span class='ocrx_word' id='word_1_64' title='bbox 358 1403 470 1468; x_wconf 90' lang='lat' dir='ltr'><strong>dicunt</strong></span> <span class='ocrx_word' id='word_1_65' title='bbox 483 1425 568 1488; x_wconf 78' lang='lat' dir='ltr'><strong>esse,</strong></span> <span class='ocrx_word' id='word_1_66' title='bbox 593 1424 679 1490; x_wconf 90' lang='lat' dir='ltr'><strong>quae</strong></span> <span class='ocrx_word' id='word_1_67' title='bbox 690 1424 826 1491; x_wconf 84' lang='lat' dir='ltr'><strong>operum</strong></span> <span class='ocrx_word' id='word_1_68' title='bbox 838 1426 932 1470; x_wconf 89' lang='lat' dir='ltr'><strong>suam</strong></span> <span class='ocrx_word' id='word_1_69' title='bbox 949 1405 1109 1472; x_wconf 88' lang='lat' dir='ltr'><strong>ecclesiae</strong></span> <span class='ocrx_word' id='word_1_70' title='bbox 1124 1406 1264 1472; x_wconf 83' lang='lat' dir='ltr'><strong>addixit.</strong></span> 
     </span>
     <span class='ocr_line' id='line_1_11' title="bbox 216 1506 1263 1594; baseline 0.001 -23"><span class='ocrx_word' id='word_1_71' title='bbox 216 1510 363 1571; x_wconf 79' lang='lat' dir='ltr'><strong>Cettartus</strong></span> <span class='ocrx_word' id='word_1_72' title='bbox 385 1506 549 1572; x_wconf 82' lang='lat' dir='ltr'><strong>antibarb.</strong></span> <span class='ocrx_word' id='word_1_73' title='bbox 571 1529 603 1594; x_wconf 90' lang='lat' dir='ltr'><strong>p.</strong></span> <span class='ocrx_word' id='word_1_74' title='bbox 619 1509 692 1572; x_wconf 88' lang='grc'><strong>264.</strong></span> <span class='ocrx_word' id='word_1_75' title='bbox 728 1507 885 1576; x_wconf 86' lang='lat' dir='ltr'><strong>Ascetria</strong></span> <span class='ocrx_word' id='word_1_76' title='bbox 907 1509 1101 1576; x_wconf 89' lang='lat' dir='ltr'><strong>Mouastria.</strong></span> <span class='ocrx_word' id='word_1_77' title='bbox 1123 1513 1263 1574; x_wconf 80' lang='lat' dir='ltr'><strong>Dtrtseu.</strong></span> 
     </span>
    </p>

    <p class='ocr_par' dir='ltr' id='par_1_7' title="bbox 113 1607 1264 1988">
     <span class='ocr_line' id='line_1_12' title="bbox 113 1607 1264 1698; baseline 0 -20"><span class='ocrx_word' id='word_1_78' title='bbox 113 1607 360 1678; x_wconf 79' lang='lat' dir='ltr'><strong>niamnissae</strong></span> <span class='ocrx_word' id='word_1_79' title='bbox 388 1612 587 1696; x_wconf 88' lang='lat' dir='ltr'><strong>praesertim</strong></span> <span class='ocrx_word' id='word_1_80' title='bbox 616 1630 676 1675; x_wconf 79' lang='lat' dir='ltr'><strong>ese</strong></span> <span class='ocrx_word' id='word_1_81' title='bbox 705 1610 995 1696; x_wconf 82' lang='lat' dir='ltr'><strong>intelligebantur,</strong></span> <span class='ocrx_word' id='word_1_82' title='bbox 1025 1634 1112 1698; x_wconf 89' lang='lat' dir='ltr'><strong>quae</strong></span> <span class='ocrx_word' id='word_1_83' title='bbox 1139 1616 1176 1678; x_wconf 91' lang='lat' dir='ltr'><strong>in</strong></span> <span class='ocrx_word' id='word_1_84' title='bbox 1205 1616 1264 1678; x_wconf 90' lang='lat' dir='ltr'><strong>mi·</strong></span> 
     </span>
     <span class='ocr_line' id='line_1_13' title="bbox 211 1713 1263 1798; baseline 0.005 -21"><span class='ocrx_word' id='word_1_85' title='bbox 211 1715 348 1779; x_wconf 89' lang='lat' dir='ltr'><strong>nisterio</strong></span> <span class='ocrx_word' id='word_1_86' title='bbox 371 1721 467 1778; x_wconf 85' lang='lat' dir='ltr'><strong>erent</strong></span> <span class='ocrx_word' id='word_1_87' title='bbox 489 1713 725 1798; x_wconf 86' lang='lat' dir='ltr'><strong>ecclesiastico,</strong></span> <span class='ocrx_word' id='word_1_88' title='bbox 741 1721 779 1780; x_wconf 85' lang='lat' dir='ltr'><strong>ut</strong></span> <span class='ocrx_word' id='word_1_89' title='bbox 799 1714 936 1780; x_wconf 86' lang='lat' dir='ltr'><strong>Phoebe</strong></span> <span class='ocrx_word' id='word_1_90' title='bbox 955 1714 1013 1780; x_wconf 87' lang='lat' dir='ltr'><strong>illa</strong></span> <span class='ocrx_word' id='word_1_91' title='bbox 1031 1718 1065 1780; x_wconf 93' lang='lat' dir='ltr'><strong>in</strong></span> <span class='ocrx_word' id='word_1_92' title='bbox 1084 1713 1263 1782; x_wconf 79' lang='lat' dir='ltr'><strong>Cenchreis</strong></span> 
     </span>
     <span class='ocr_line' id='line_1_14' title="bbox 214 1815 1262 1906; baseline 0.002 -22"><span class='ocrx_word' id='word_1_93' title='bbox 214 1815 367 1884; x_wconf 86' lang='lat' dir='ltr'><strong>Corinthi</strong></span> <span class='ocrx_word' id='word_1_94' title='bbox 401 1817 576 1898; x_wconf 87' lang='lat' dir='ltr'><strong>suburbio,</strong></span> <span class='ocrx_word' id='word_1_95' title='bbox 616 1839 716 1906; x_wconf 86' lang='lat' dir='ltr'><strong>quem</strong></span> <span class='ocrx_word' id='word_1_96' title='bbox 746 1821 863 1882; x_wconf 79' lang='lat' dir='ltr'><strong>Paulas</strong></span> <span class='ocrx_word' id='word_1_97' title='bbox 892 1821 989 1905; x_wconf 91' lang='lat' dir='ltr'><strong>epist.</strong></span> <span class='ocrx_word' id='word_1_98' title='bbox 1019 1819 1063 1885; x_wconf 89' lang='lat' dir='ltr'><strong>ad</strong></span> <span class='ocrx_word' id='word_1_99' title='bbox 1092 1819 1262 1888; x_wconf 85' lang='lat' dir='ltr'><strong>Romanos</strong></span> 
     </span>
     <span class='ocr_line' id='line_1_15' title="bbox 212 1920 981 1988; baseline 0 -4"><span class='ocrx_word' id='word_1_100' title='bbox 212 1929 384 1986; x_wconf 90' lang='lat' dir='ltr'><strong>memorat.</strong></span> <span class='ocrx_word' id='word_1_101' title='bbox 408 1924 559 1983; x_wconf 72' lang='lat' dir='ltr'><strong>thomae.</strong></span> <span class='ocrx_word' id='word_1_102' title='bbox 582 1920 607 1986; x_wconf 89' lang='grc' dir='ltr'><strong>Ι.</strong></span> <span class='ocrx_word' id='word_1_103' title='bbox 629 1921 684 1986; x_wconf 90' lang='lat' dir='ltr'><strong>lib.</strong></span> <span class='ocrx_word' id='word_1_104' title='bbox 706 1920 736 1986; x_wconf 86' lang='grc'><strong>3.</strong></span> <span class='ocrx_word' id='word_1_105' title='bbox 759 1943 785 1988; x_wconf 90' lang='lat' dir='ltr'><strong>e.</strong></span> <span class='ocrx_word' id='word_1_106' title='bbox 809 1922 860 1987; x_wconf 84' lang='lat'><strong>50.</strong></span> <span class='ocrx_word' id='word_1_107' title='bbox 881 1944 929 1987; x_wconf 89' lang='lat' dir='ltr'><strong>nr.</strong></span> <span class='ocrx_word' id='word_1_108' title='bbox 952 1925 981 1988; x_wconf 88' lang='lat'><strong>8.</strong></span> 
     </span>
    </p>

    <p class='ocr_par' dir='ltr' id='par_1_8' title="bbox 119 2021 1209 2112">
     <span class='ocr_line' id='line_1_16' title="bbox 119 2021 1209 2112; baseline 0.003 -21"><span class='ocrx_word' id='word_1_109' title='bbox 119 2021 360 2108; x_wconf 73' lang='lat' dir='ltr'><strong>Bienorissae</strong></span> <span class='ocrx_word' id='word_1_110' title='bbox 381 2023 579 2090; x_wconf 85' lang='lat' dir='ltr'><strong>benedictio.</strong></span> <span class='ocrx_word' id='word_1_111' title='bbox 623 2028 734 2106; x_wconf 73' lang='lat' dir='ltr'><strong>Heselc,</strong></span> <span class='ocrx_word' id='word_1_112' title='bbox 760 2022 1045 2112; x_wconf 86' lang='lat' dir='ltr'><strong>Conciliengesch.</strong></span> <span class='ocrx_word' id='word_1_113' title='bbox 1066 2035 1144 2094; x_wconf 89' lang='lat' dir='ltr'><strong>tom.</strong></span> <span class='ocrx_word' id='word_1_114' title='bbox 1167 2029 1209 2094; x_wconf 93' lang='grc' dir='ltr'><strong>Π.</strong></span> 
     </span>
    </p>

    <p class='ocr_par' dir='ltr' id='par_1_9' title="bbox 119 2126 1264 2527">
     <span class='ocr_line' id='line_1_17' title="bbox 119 2126 1262 2224; baseline 0.005 -32"><span class='ocrx_word' id='word_1_115' title='bbox 119 2126 337 2210; x_wconf 76' lang='lat' dir='ltr'><strong>Diacunium</strong></span> <span class='ocrx_word' id='word_1_116' title='bbox 360 2163 401 2174; x_wconf 92' lang='lat'><em>-</em></span> <span class='ocrx_word' id='word_1_117' title='bbox 424 2148 490 2192; x_wconf 92' lang='lat' dir='ltr'><strong>non</strong></span> <span class='ocrx_word' id='word_1_118' title='bbox 513 2135 663 2216; x_wconf 83' lang='lat' dir='ltr'><strong>oportet,</strong></span> <span class='ocrx_word' id='word_1_119' title='bbox 686 2127 910 2194; x_wconf 81' lang='lat' dir='ltr'><strong>subdiaconos</strong></span> <span class='ocrx_word' id='word_1_120' title='bbox 939 2129 1108 2224; x_wconf 85' lang='lat' dir='ltr'><strong>licentiam</strong></span> <span class='ocrx_word' id='word_1_121' title='bbox 1136 2131 1262 2198; x_wconf 87' lang='lat' dir='ltr'><strong>habere</strong></span> 
     </span>
     <span class='ocr_line' id='line_1_18' title="bbox 211 2231 1263 2318; baseline 0.002 -22"><span class='ocrx_word' id='word_1_122' title='bbox 211 2235 246 2296; x_wconf 92' lang='lat' dir='ltr'><strong>in</strong></span> <span class='ocrx_word' id='word_1_123' title='bbox 268 2235 452 2297; x_wconf 90' lang='lat' dir='ltr'><strong>sacrarium</strong></span> <span class='ocrx_word' id='word_1_124' title='bbox 474 2233 545 2296; x_wconf 92' lang='lat' dir='ltr'><strong>sive</strong></span> <span class='ocrx_word' id='word_1_125' title='bbox 568 2234 793 2316; x_wconf 83' lang='lat' dir='ltr'><strong>secretarium,</strong></span> <span class='ocrx_word' id='word_1_126' title='bbox 818 2232 909 2318; x_wconf 90' lang='lat' dir='ltr'><strong>qnod</strong></span> <span class='ocrx_word' id='word_1_127' title='bbox 933 2231 1056 2299; x_wconf 88' lang='lat' dir='ltr'><strong>Graeci</strong></span> <span class='ocrx_word' id='word_1_128' title='bbox 1078 2234 1263 2299; x_wconf 87' lang='lat' dir='ltr'><strong>diaconium</strong></span> 
     </span>
     <span class='ocr_line' id='line_1_19' title="bbox 214 2335 1264 2422; baseline 0.003 -22"><span class='ocrx_word' id='word_1_129' title='bbox 214 2335 406 2422; x_wconf 84' lang='lat' dir='ltr'><strong>appellant,</strong></span> <span class='ocrx_word' id='word_1_130' title='bbox 438 2335 645 2420; x_wconf 87' lang='lat' dir='ltr'><strong>ingrediendi</strong></span> <span class='ocrx_word' id='word_1_131' title='bbox 682 2343 716 2401; x_wconf 91' lang='lat' dir='ltr'><strong>et</strong></span> <span class='ocrx_word' id='word_1_132' title='bbox 746 2337 957 2422; x_wconf 87' lang='lat' dir='ltr'><strong>contingendi</strong></span> <span class='ocrx_word' id='word_1_133' title='bbox 985 2359 1069 2403; x_wconf 85' lang='lat' dir='ltr'><strong>vasa</strong></span> <span class='ocrx_word' id='word_1_134' title='bbox 1100 2337 1264 2403; x_wconf 86' lang='lat' dir='ltr'><strong>dominica</strong></span> 
     </span>
     <span class='ocr_line' id='line_1_20' title="bbox 214 2439 1263 2527; baseline 0 -23"><span class='ocrx_word' id='word_1_135' title='bbox 214 2477 256 2488; x_wconf 94' lang='lat'>—</span> <span class='ocrx_word' id='word_1_136' title='bbox 280 2461 367 2527; x_wconf 90' lang='lat' dir='ltr'><strong>quae</strong></span> <span class='ocrx_word' id='word_1_137' title='bbox 388 2440 522 2506; x_wconf 89' lang='lat' dir='ltr'><strong>sublata</strong></span> <span class='ocrx_word' id='word_1_138' title='bbox 534 2446 620 2524; x_wconf 87' lang='lat' dir='ltr'><strong>sunt,</strong></span> <span class='ocrx_word' id='word_1_139' title='bbox 643 2443 692 2506; x_wconf 91' lang='lat' dir='ltr'><strong>uti</strong></span> <span class='ocrx_word' id='word_1_140' title='bbox 715 2439 795 2505; x_wconf 91' lang='lat' dir='ltr'><strong>dicit</strong></span> <span class='ocrx_word' id='word_1_141' title='bbox 816 2444 921 2506; x_wconf 80' lang='lat' dir='ltr'><strong>Iunco.</strong></span> <span class='ocrx_word' id='word_1_142' title='bbox 936 2441 996 2508; x_wconf 93' lang='lat' dir='ltr'><strong>III.</strong></span> <span class='ocrx_word' id='word_1_143' title='bbox 1020 2463 1048 2514; x_wconf 86' lang='lat' dir='ltr'><strong>e.</strong></span> <span class='ocrx_word' id='word_1_144' title='bbox 1064 2445 1093 2508; x_wconf 87' lang='grc'><strong>9.</strong></span> <span class='ocrx_word' id='word_1_145' title='bbox 1114 2442 1162 2508; x_wconf 89' lang='grc' dir='ltr'><strong>Χ.</strong></span> <span class='ocrx_word' id='word_1_146' title='bbox 1175 2463 1202 2506; x_wconf 89' lang='lat' dir='ltr'><strong>c.</strong></span> <span class='ocrx_word' id='word_1_147' title='bbox 1214 2443 1263 2506; x_wconf 93' lang='grc'><strong>14.</strong></span> 
     </span>
    </p>

    <p class='ocr_par' dir='ltr' id='par_1_10' title="bbox 123 2541 1263 2733">
     <span class='ocr_line' id='line_1_21' title="bbox 123 2541 1263 2626; baseline 0.002 -18"><span class='ocrx_word' id='word_1_148' title='bbox 123 2541 357 2610; x_wconf 81' lang='lat' dir='ltr'><strong>Diaconicruu</strong></span> <span class='ocrx_word' id='word_1_149' title='bbox 380 2549 432 2611; x_wconf 91' lang='lat' dir='ltr'><strong>est</strong></span> <span class='ocrx_word' id='word_1_150' title='bbox 454 2542 542 2616; x_wconf 90' lang='lat' dir='ltr'><strong>idem</strong></span> <span class='ocrx_word' id='word_1_151' title='bbox 565 2564 590 2608; x_wconf 94' lang='lat' dir='ltr'><strong>c.</strong></span> <span class='ocrx_word' id='word_1_152' title='bbox 614 2544 665 2610; x_wconf 87' lang='grc'><strong>26.</strong></span> <span class='ocrx_word' id='word_1_153' title='bbox 690 2542 766 2610; x_wconf 89' lang='lat' dir='ltr'><strong>dist.</strong></span> <span class='ocrx_word' id='word_1_154' title='bbox 780 2543 917 2610; x_wconf 88' lang='lat' dir='ltr'>XXIII.</span> <span class='ocrx_word' id='word_1_155' title='bbox 938 2548 1050 2626; x_wconf 78' lang='lat' dir='ltr'><strong>Hesele,</strong></span> <span class='ocrx_word' id='word_1_156' title='bbox 1074 2542 1263 2610; x_wconf 84' lang='lat' dir='ltr'><strong>Concilion-</strong></span> 
     </span>
     <span class='ocr_line' id='line_1_22' title="bbox 212 2645 977 2733; baseline -0.001 -20"><span class='ocrx_word' id='word_1_157' title='bbox 212 2645 405 2733; x_wconf 85' lang='lat' dir='ltr'><strong>geschichte</strong></span> <span class='ocrx_word' id='word_1_158' title='bbox 427 2645 453 2711; x_wconf 93' lang='grc' dir='ltr'><strong>Ι.</strong></span> <span class='ocrx_word' id='word_1_159' title='bbox 475 2667 506 2732; x_wconf 90' lang='lat' dir='ltr'><strong>p.</strong></span> <span class='ocrx_word' id='word_1_160' title='bbox 531 2646 603 2712; x_wconf 80' lang='lat'><strong>739.</strong></span> <span class='ocrx_word' id='word_1_161' title='bbox 625 2667 657 2711; x_wconf 86' lang='lat' dir='ltr'><strong>v.</strong></span> <span class='ocrx_word' id='word_1_162' title='bbox 678 2649 819 2732; x_wconf 70' lang='lat' dir='ltr'><strong>Dictaea,</strong></span> <span class='ocrx_word' id='word_1_163' title='bbox 843 2669 868 2712; x_wconf 89' lang='lat' dir='ltr'><strong>s.</strong></span> <span class='ocrx_word' id='word_1_164' title='bbox 891 2647 922 2711; x_wconf 92' lang='lat' dir='ltr'><strong>h.</strong></span> <span class='ocrx_word' id='word_1_165' title='bbox 944 2669 977 2713; x_wconf 88' lang='lat' dir='ltr'><strong>v.</strong></span> 
     </span>
    </p>

    <p class='ocr_par' dir='ltr' id='par_1_11' title="bbox 123 2747 1262 2918">
     <span class='ocr_line' id='line_1_23' title="bbox 123 2747 1262 2836; baseline -0.001 -19"><span class='ocrx_word' id='word_1_166' title='bbox 123 2747 308 2818; x_wconf 85' lang='lat' dir='ltr'><strong>lliuconus</strong></span> <span class='ocrx_word' id='word_1_167' title='bbox 338 2747 372 2816; x_wconf 80' lang='lat' dir='ltr'><strong>S.</strong></span> <span class='ocrx_word' id='word_1_168' title='bbox 402 2747 577 2836; x_wconf 86' lang='lat' dir='ltr'><strong>evangelii.</strong></span> <span class='ocrx_word' id='word_1_169' title='bbox 619 2749 773 2816; x_wconf 86' lang='lat' dir='ltr'><strong>Minister</strong></span> <span class='ocrx_word' id='word_1_170' title='bbox 808 2752 842 2814; x_wconf 91' lang='lat' dir='ltr'><strong>in</strong></span> <span class='ocrx_word' id='word_1_171' title='bbox 880 2749 1023 2819; x_wconf 88' lang='lat' dir='ltr'><strong>ecclesia</strong></span> <span class='ocrx_word' id='word_1_172' title='bbox 1060 2750 1262 2818; x_wconf 83' lang='lat' dir='ltr'><strong>Christiana.</strong></span> 
     </span>
     <span class='ocr_line' id='line_1_24' title="bbox 210 2852 496 2918; baseline 0.01 -3"><span class='ocrx_word' id='word_1_173' title='bbox 210 2857 342 2916; x_wconf 73' lang='lat' dir='ltr'><strong>Diuitem</strong></span> <span class='ocrx_word' id='word_1_174' title='bbox 364 2875 391 2918; x_wconf 89' lang='lat' dir='ltr'><strong>s.</strong></span> <span class='ocrx_word' id='word_1_175' title='bbox 412 2852 444 2917; x_wconf 92' lang='grc'><strong>11.</strong></span> <span class='ocrx_word' id='word_1_176' title='bbox 464 2875 496 2918; x_wconf 80' lang='lat' dir='ltr'><strong>v.</strong></span> 
     </span>
    </p>

    <p class='ocr_par' dir='ltr' id='par_1_12' title="bbox 123 2954 1262 3126">
     <span class='ocr_line' id='line_1_25' title="bbox 123 2954 1262 3042; baseline -0.004 -14"><span class='ocrx_word' id='word_1_177' title='bbox 123 2956 269 3028; x_wconf 81' lang='lat' dir='ltr'><strong>Diaetae</strong></span> <span class='ocrx_word' id='word_1_178' title='bbox 292 2993 333 3004; x_wconf 86' lang='lat'><em>-</em></span> <span class='ocrx_word' id='word_1_179' title='bbox 354 2956 444 3022; x_wconf 83' lang='lat' dir='ltr'><strong>ultra</strong></span> <span class='ocrx_word' id='word_1_180' title='bbox 464 2955 592 3042; x_wconf 83' lang='lat' dir='ltr'><strong>legales</strong></span> <span class='ocrx_word' id='word_1_181' title='bbox 617 2955 756 3023; x_wconf 84' lang='lat' dir='ltr'><strong>diaetae.</strong></span> <span class='ocrx_word' id='word_1_182' title='bbox 780 2954 880 3024; x_wconf 89' lang='lat' dir='ltr'><strong>Conc.</strong></span> <span class='ocrx_word' id='word_1_183' title='bbox 897 2957 989 3026; x_wconf 86' lang='lat' dir='ltr'><strong>Trid.</strong></span> <span class='ocrx_word' id='word_1_184' title='bbox 1012 2979 1095 3026; x_wconf 89' lang='lat' dir='ltr'><strong>sess.</strong></span> <span class='ocrx_word' id='word_1_185' title='bbox 1119 2960 1169 3026; x_wconf 87' lang='lat'><strong>13.</strong></span> <span class='ocrx_word' id='word_1_186' title='bbox 1192 2981 1218 3025; x_wconf 88' lang='lat' dir='ltr'><strong>c.</strong></span> <span class='ocrx_word' id='word_1_187' title='bbox 1232 2961 1262 3024; x_wconf 87' lang='grc'><strong>2.</strong></span> 
     </span>
     <span class='ocr_line' id='line_1_26' title="bbox 213 3059 586 3126; baseline -0.008 0"><span class='ocrx_word' id='word_1_188' title='bbox 213 3061 256 3126; x_wconf 89' lang='lat' dir='ltr'><strong>de</strong></span> <span class='ocrx_word' id='word_1_189' title='bbox 278 3061 410 3126; x_wconf 84' lang='lat' dir='ltr'><strong>reform.</strong></span> <span class='ocrx_word' id='word_1_190' title='bbox 433 3081 464 3126; x_wconf 76' lang='lat' dir='ltr'><strong>v,</strong></span> <span class='ocrx_word' id='word_1_191' title='bbox 488 3059 586 3124; x_wconf 90' lang='lat' dir='ltr'><strong>dieta.</strong></span> 
     </span>
    </p>

    <p class='ocr_par' dir='ltr' id='par_1_13' title="bbox 121 3162 1261 3436">
     <span class='ocr_line' id='line_1_27' title="bbox 121 3162 1261 3250; baseline 0.002 -20"><span class='ocrx_word' id='word_1_192' title='bbox 121 3162 238 3230; x_wconf 75' lang='lat' dir='ltr'><strong>niceto</strong></span> <span class='ocrx_word' id='word_1_193' title='bbox 256 3165 290 3228; x_wconf 95' lang='lat' dir='ltr'><strong>in</strong></span> <span class='ocrx_word' id='word_1_194' title='bbox 311 3163 416 3228; x_wconf 88' lang='lat' dir='ltr'><strong>literis</strong></span> <span class='ocrx_word' id='word_1_195' title='bbox 439 3162 646 3250; x_wconf 88' lang='lat' dir='ltr'><strong>Apostolieis</strong></span> <span class='ocrx_word' id='word_1_196' title='bbox 666 3163 883 3250; x_wconf 87' lang='lat' dir='ltr'><strong>expediendis</strong></span> <span class='ocrx_word' id='word_1_197' title='bbox 897 3168 1084 3232; x_wconf 87' lang='lat' dir='ltr'><strong>continetur</strong></span> <span class='ocrx_word' id='word_1_198' title='bbox 1098 3187 1141 3232; x_wconf 85' lang='lat' dir='ltr'><strong>ex</strong></span> <span class='ocrx_word' id='word_1_199' title='bbox 1155 3165 1261 3250; x_wconf 87' lang='lat' dir='ltr'><strong>lineis,</strong></span> 
     </span>
     <span class='ocr_line' id='line_1_28' title="bbox 210 3265 1261 3354; baseline 0.002 -22"><span class='ocrx_word' id='word_1_200' title='bbox 210 3267 299 3332; x_wconf 92' lang='lat' dir='ltr'><strong>linea</strong></span> <span class='ocrx_word' id='word_1_201' title='bbox 328 3287 408 3332; x_wconf 90' lang='lat' dir='ltr'><strong>vero</strong></span> <span class='ocrx_word' id='word_1_202' title='bbox 440 3266 502 3330; x_wconf 87' lang='lat'><strong>150</strong></span> <span class='ocrx_word' id='word_1_203' title='bbox 524 3268 544 3332; x_wconf 93' lang='lat' dir='ltr'><strong>i.</strong></span> <span class='ocrx_word' id='word_1_204' title='bbox 568 3287 594 3330; x_wconf 93' lang='lat' dir='ltr'><strong>e.</strong></span> <span class='ocrx_word' id='word_1_205' title='bbox 619 3265 660 3331; x_wconf 84' lang='grc'><strong>25</strong></span> <span class='ocrx_word' id='word_1_206' title='bbox 681 3266 842 3332; x_wconf 90' lang='lat' dir='ltr'><strong>dictiones</strong></span> <span class='ocrx_word' id='word_1_207' title='bbox 872 3266 981 3334; x_wconf 90' lang='lat' dir='ltr'><strong>habet.</strong></span> <span class='ocrx_word' id='word_1_208' title='bbox 1025 3267 1261 3354; x_wconf 82' lang='lat' dir='ltr'><strong>Extravag.</strong></span> 
     </span>
     <span class='ocr_line' id='line_1_29' title="bbox 210 3368 1252 3436; baseline 0.004 -2"><span class='ocrx_word' id='word_1_209' title='bbox 210 3375 327 3436; x_wconf 79' lang='lat' dir='ltr'><strong>Jooau.</strong></span> <span class='ocrx_word' id='word_1_210' title='bbox 350 3368 470 3434; x_wconf 91' lang='lat' dir='ltr'>XXII.</span> <span class='ocrx_word' id='word_1_211' title='bbox 493 3368 535 3434; x_wconf 90' lang='lat' dir='ltr'><strong>de</strong></span> <span class='ocrx_word' id='word_1_212' title='bbox 557 3377 641 3436; x_wconf 86' lang='lat' dir='ltr'><strong>sent.</strong></span> <span class='ocrx_word' id='word_1_213' title='bbox 665 3389 825 3436; x_wconf 84' lang='lat' dir='ltr'><strong>excomm.</strong></span> <span class='ocrx_word' id='word_1_214' title='bbox 848 3393 874 3436; x_wconf 93' lang='lat' dir='ltr'><strong>c.</strong></span> <span class='ocrx_word' id='word_1_215' title='bbox 896 3393 949 3436; x_wconf 90' lang='lat' dir='ltr'><strong>un.</strong></span> <span class='ocrx_word' id='word_1_216' title='bbox 1249 3370 1252 3376; x_wconf 79' lang='grc'><em>’</em></span> 
     </span>
    </p>

    <p class='ocr_par' dir='ltr' id='par_1_14' title="bbox 120 3469 1260 3666">
     <span class='ocr_line' id='line_1_30' title="bbox 120 3469 1260 3556; baseline 0 -16"><span class='ocrx_word' id='word_1_217' title='bbox 120 3471 208 3540; x_wconf 79' lang='lat' dir='ltr'><strong>liles</strong></span> <span class='ocrx_word' id='word_1_218' title='bbox 232 3470 440 3556; x_wconf 81' lang='lat' dir='ltr'><strong>aegyptiaci.</strong></span> <span class='ocrx_word' id='word_1_219' title='bbox 464 3469 632 3538; x_wconf 84' lang='lat' dir='ltr'><strong>Calendae</strong></span> <span class='ocrx_word' id='word_1_220' title='bbox 655 3472 822 3538; x_wconf 88' lang='lat' dir='ltr'><strong>Jannarii:</strong></span> <span class='ocrx_word' id='word_1_221' title='bbox 843 3496 910 3540; x_wconf 91' lang='lat' dir='ltr'><strong>non</strong></span> <span class='ocrx_word' id='word_1_222' title='bbox 921 3483 999 3540; x_wconf 88' lang='lat' dir='ltr'><strong>sunt</strong></span> <span class='ocrx_word' id='word_1_223' title='bbox 1020 3473 1260 3543; x_wconf 81' lang='lat' dir='ltr'><strong>observandae.</strong></span> 
     </span>
     <span class='ocr_line' id='line_1_31' title="bbox 211 3573 1259 3666; baseline 0.003 -25"><span class='ocrx_word' id='word_1_224' title='bbox 211 3582 398 3656; x_wconf 75' lang='lat' dir='ltr'><strong>Aupuetiuus</strong></span> <span class='ocrx_word' id='word_1_225' title='bbox 420 3577 441 3640; x_wconf 95' lang='lat' dir='ltr'><strong>i.</strong></span> <span class='ocrx_word' id='word_1_226' title='bbox 463 3595 490 3640; x_wconf 92' lang='lat' dir='ltr'><strong>c.</strong></span> <span class='ocrx_word' id='word_1_227' title='bbox 515 3577 565 3640; x_wconf 87' lang='grc'><strong>16.</strong></span> <span class='ocrx_word' id='word_1_228' title='bbox 588 3573 625 3642; x_wconf 82' lang='grc' dir='ltr'><strong>Ο.</strong></span> <span class='ocrx_word' id='word_1_229' title='bbox 647 3577 784 3644; x_wconf 90' lang='lat' dir='ltr'>XXVI.</span> <span class='ocrx_word' id='word_1_230' title='bbox 807 3601 860 3666; x_wconf 89' lang='lat' dir='ltr'><strong>qu.</strong></span> <span class='ocrx_word' id='word_1_231' title='bbox 884 3581 913 3644; x_wconf 78' lang='lat'><strong>7.</strong></span> <span class='ocrx_word' id='word_1_232' title='bbox 935 3581 1098 3644; x_wconf 70' lang='lat' dir='ltr'><strong>dedicere</strong></span> <span class='ocrx_word' id='word_1_233' title='bbox 1114 3584 1158 3644; x_wconf 86' lang='lat' dir='ltr'><strong>ed.</strong></span> <span class='ocrx_word' id='word_1_234' title='bbox 1175 3584 1259 3644; x_wconf 83' lang='lat' dir='ltr'><strong>Hea-</strong></span> 
     </span>
    </p>
   </div>
   <div class='ocr_carea' id='block_1_3' title="bbox 211 3679 1377 3770">
    <p class='ocr_par' dir='ltr' id='par_1_15' title="bbox 211 3679 1377 3770">
     <span class='ocr_line' id='line_1_32' title="bbox 211 3679 1377 3770; baseline 0.012 -28"><span class='ocrx_word' id='word_1_235' title='bbox 211 3683 289 3744; x_wconf 79' lang='lat' dir='ltr'><strong>sciret</strong></span> <span class='ocrx_word' id='word_1_236' title='bbox 310 3687 388 3746; x_wconf 92' lang='lat' dir='ltr'><strong>tom.</strong></span> <span class='ocrx_word' id='word_1_237' title='bbox 411 3679 453 3766; x_wconf 79' lang='grc' dir='ltr'><strong>Π.</strong></span> <span class='ocrx_word' id='word_1_238' title='bbox 475 3702 508 3766; x_wconf 93' lang='lat' dir='ltr'><strong>p.</strong></span> <span class='ocrx_word' id='word_1_239' title='bbox 531 3681 603 3746; x_wconf 89' lang='grc'><strong>846.</strong></span> <span class='ocrx_word' id='word_1_240' title='bbox 631 3687 710 3748; x_wconf 90' lang='lat' dir='ltr'><strong>tom.</strong></span> <span class='ocrx_word' id='word_1_241' title='bbox 731 3682 790 3748; x_wconf 89' lang='grc' dir='ltr'><strong>ΙΠ.</strong></span> <span class='ocrx_word' id='word_1_242' title='bbox 812 3704 845 3770; x_wconf 87' lang='lat' dir='ltr'><strong>p.</strong></span> <span class='ocrx_word' id='word_1_243' title='bbox 865 3684 937 3750; x_wconf 87' lang='grc'><strong>962.</strong></span> <span class='ocrx_word' id='word_1_244' title='bbox 969 3682 1030 3749; x_wconf 90' lang='lat' dir='ltr'><strong>sed</strong></span> <span class='ocrx_word' id='word_1_245' title='bbox 1059 3684 1114 3748; x_wconf 89' lang='lat' dir='ltr'><strong>hie</strong></span> <span class='ocrx_word' id='word_1_246' title='bbox 1141 3703 1260 3750; x_wconf 85' lang='lat' dir='ltr'><strong>recen·</strong></span> <span class='ocrx_word' id='word_1_247' title='bbox 1371 3737 1377 3756; x_wconf 83' lang='lat'><strong>.</strong></span> 
     </span>
    </p>
   </div>
   <div class='ocr_carea' id='block_1_4' title="bbox 117 3782 1332 4491">
    <p class='ocr_par' dir='ltr' id='par_1_16' title="bbox 209 3782 1332 3974">
     <span class='ocr_line' id='line_1_33' title="bbox 213 3782 1332 3871; baseline 0.004 -23"><span class='ocrx_word' id='word_1_248' title='bbox 213 3786 361 3864; x_wconf 82' lang='lat' dir='ltr'><strong>tissimus</strong></span> <span class='ocrx_word' id='word_1_249' title='bbox 403 3783 511 3850; x_wconf 90' lang='lat' dir='ltr'><strong>editor</strong></span> <span class='ocrx_word' id='word_1_250' title='bbox 553 3782 598 3848; x_wconf 89' lang='lat' dir='ltr'><strong>ad</strong></span> <span class='ocrx_word' id='word_1_251' title='bbox 631 3783 829 3851; x_wconf 88' lang='lat' dir='ltr'><strong>documenta</strong></span> <span class='ocrx_word' id='word_1_252' title='bbox 857 3787 943 3871; x_wconf 86' lang='lat' dir='ltr'><strong>juris</strong></span> <span class='ocrx_word' id='word_1_253' title='bbox 985 3789 1135 3852; x_wconf 89' lang='lat' dir='ltr'><strong>canonici</strong></span> <span class='ocrx_word' id='word_1_254' title='bbox 1169 3785 1259 3852; x_wconf 92' lang='lat' dir='ltr'><strong>nullo</strong></span> <span class='ocrx_word' id='word_1_255' title='bbox 1330 3800 1332 3806; x_wconf 85' lang='lat'>&#39;</span> 
     </span>
     <span class='ocr_line' id='line_1_34' title="bbox 209 3887 477 3974; baseline -0.007 -22"><span class='ocrx_word' id='word_1_256' title='bbox 209 3887 308 3953; x_wconf 92' lang='lat' dir='ltr'><strong>modo</strong></span> <span class='ocrx_word' id='word_1_257' title='bbox 331 3889 477 3974; x_wconf 89' lang='lat' dir='ltr'><strong>respicit.</strong></span> 
     </span>
    </p>

    <p class='ocr_par' dir='ltr' id='par_1_17' title="bbox 120 3988 1260 4268">
     <span class='ocr_line' id='line_1_35' title="bbox 120 3988 1260 4078; baseline 0.003 -21"><span class='ocrx_word' id='word_1_258' title='bbox 120 3988 209 4065; x_wconf 77' lang='lat' dir='ltr'><strong>Dies</strong></span> <span class='ocrx_word' id='word_1_259' title='bbox 232 3989 458 4058; x_wconf 84' lang='lat' dir='ltr'><strong>discretionis</strong></span> <span class='ocrx_word' id='word_1_260' title='bbox 481 4011 509 4056; x_wconf 87' lang='lat' dir='ltr'><strong>c.</strong></span> <span class='ocrx_word' id='word_1_261' title='bbox 533 3991 582 4054; x_wconf 90' lang='grc'><strong>14.</strong></span> <span class='ocrx_word' id='word_1_262' title='bbox 604 3990 652 4057; x_wconf 90' lang='grc' dir='ltr'><strong>Χ.</strong></span> <span class='ocrx_word' id='word_1_263' title='bbox 675 3991 717 4056; x_wconf 90' lang='lat' dir='ltr'><strong>de</strong></span> <span class='ocrx_word' id='word_1_264' title='bbox 737 3991 880 4078; x_wconf 84' lang='lat' dir='ltr'><strong>regular.</strong></span> <span class='ocrx_word' id='word_1_265' title='bbox 903 3993 962 4059; x_wconf 92' lang='grc' dir='ltr'><strong>ΙΠ.</strong></span> <span class='ocrx_word' id='word_1_266' title='bbox 984 3994 1035 4062; x_wconf 85' lang='grc'><strong>31.</strong></span> <span class='ocrx_word' id='word_1_267' title='bbox 1051 3989 1175 4058; x_wconf 71' lang='lat' dir='ltr'><strong>&#39;Porcio</strong></span> <span class='ocrx_word' id='word_1_268' title='bbox 1197 4013 1260 4060; x_wconf 87' lang='lat' dir='ltr'><strong>an·</strong></span> 
     </span>
     <span class='ocr_line' id='line_1_36' title="bbox 209 4094 1259 4190; baseline 0.002 -30"><span class='ocrx_word' id='word_1_269' title='bbox 209 4097 293 4182; x_wconf 91' lang='lat' dir='ltr'><strong>tiqu.</strong></span> <span class='ocrx_word' id='word_1_270' title='bbox 314 4098 348 4160; x_wconf 94' lang='lat' dir='ltr'><strong>in</strong></span> <span class='ocrx_word' id='word_1_271' title='bbox 370 4099 419 4166; x_wconf 87' lang='lat' dir='ltr'><strong>tit.</strong></span> <span class='ocrx_word' id='word_1_272' title='bbox 443 4095 484 4162; x_wconf 91' lang='lat' dir='ltr'><strong>de</strong></span> <span class='ocrx_word' id='word_1_273' title='bbox 505 4094 646 4182; x_wconf 84' lang='lat' dir='ltr'><strong>regular.</strong></span> <span class='ocrx_word' id='word_1_274' title='bbox 670 4117 775 4162; x_wconf 86' lang='lat' dir='ltr'><strong>annus</strong></span> <span class='ocrx_word' id='word_1_275' title='bbox 796 4095 966 4182; x_wconf 81' lang='lat' dir='ltr'><strong>legitimae</strong></span> <span class='ocrx_word' id='word_1_276' title='bbox 981 4099 1112 4190; x_wconf 78' lang='lat' dir='ltr'><strong>aetatis.</strong></span> <span class='ocrx_word' id='word_1_277' title='bbox 1135 4096 1259 4184; x_wconf 82' lang='lat' dir='ltr'><strong>Congr.</strong></span> 
     </span>
     <span class='ocr_line' id='line_1_37' title="bbox 211 4196 905 4268; baseline -0.003 -4"><span class='ocrx_word' id='word_1_278' title='bbox 211 4196 314 4266; x_wconf 87' lang='lat' dir='ltr'><strong>Cone.</strong></span> <span class='ocrx_word' id='word_1_279' title='bbox 337 4197 430 4268; x_wconf 83' lang='lat' dir='ltr'><strong>Trid.</strong></span> <span class='ocrx_word' id='word_1_280' title='bbox 454 4197 495 4266; x_wconf 90' lang='lat' dir='ltr'><strong>de</strong></span> <span class='ocrx_word' id='word_1_281' title='bbox 517 4220 603 4264; x_wconf 88' lang='lat' dir='ltr'><strong>anno</strong></span> <span class='ocrx_word' id='word_1_282' title='bbox 628 4200 720 4265; x_wconf 87' lang='grc'><strong>1639.</strong></span> <span class='ocrx_word' id='word_1_283' title='bbox 745 4201 795 4265; x_wconf 92' lang='grc'><strong>16.</strong></span> <span class='ocrx_word' id='word_1_284' title='bbox 817 4198 905 4266; x_wconf 88' lang='lat' dir='ltr'><strong>Julii.</strong></span> 
     </span>
    </p>

    <p class='ocr_par' dir='ltr' id='par_1_18' title="bbox 117 4291 1258 4491">
     <span class='ocr_line' id='line_1_38' title="bbox 117 4291 1258 4373; baseline 0 -4"><span class='ocrx_word' id='word_1_285' title='bbox 117 4301 206 4370; x_wconf 83' lang='lat' dir='ltr'><strong>Dies</strong></span> <span class='ocrx_word' id='word_1_286' title='bbox 228 4303 320 4368; x_wconf 83' lang='lat' dir='ltr'><strong>lixae</strong></span> <span class='ocrx_word' id='word_1_287' title='bbox 349 4337 391 4349; x_wconf 90' lang='lat'><em>-</em></span> <span class='ocrx_word' id='word_1_288' title='bbox 422 4301 494 4368; x_wconf 84' lang='lat' dir='ltr'><strong>dies</strong></span> <span class='ocrx_word' id='word_1_289' title='bbox 526 4301 747 4368; x_wconf 88' lang='lat' dir='ltr'><strong>immutabiles</strong></span> <span class='ocrx_word' id='word_1_290' title='bbox 777 4303 941 4370; x_wconf 85' lang='lat' dir='ltr'><strong>festorum</strong></span> <span class='ocrx_word' id='word_1_291' title='bbox 962 4339 1004 4354; x_wconf 91' lang='lat'><strong>·-</strong></span> <span class='ocrx_word' id='word_1_292' title='bbox 1027 4304 1098 4373; x_wconf 81' lang='lat' dir='ltr'><strong>dies</strong></span> <span class='ocrx_word' id='word_1_293' title='bbox 1126 4291 1258 4371; x_wconf 86' lang='lat' dir='ltr'><strong>natales</strong></span> 
     </span>
     <span class='ocr_line' id='line_1_39' title="bbox 209 4408 855 4491; baseline -0.002 -19"><span class='ocrx_word' id='word_1_294' title='bbox 209 4408 471 4491; x_wconf 85' lang='lat' dir='ltr'><strong>cognominatae.</strong></span> <span class='ocrx_word' id='word_1_295' title='bbox 515 4409 696 4488; x_wconf 74' lang='lat' dir='ltr'><strong>Freiburyer</strong></span> <span class='ocrx_word' id='word_1_296' title='bbox 716 4409 855 4471; x_wconf 77' lang='lat' dir='ltr'><strong>Lecioou.</strong></span> 
     </span>
    </p>
   </div>
   <div class='ocr_carea' id='block_1_5' title="bbox 0 0 1558 5138">
    <p class='ocr_par' dir='ltr' id='par_1_19' title="bbox 0 0 1558 5138">
     <span class='ocr_line' id='line_1_40' title="bbox 0 0 1558 5138; baseline 0 2"><span class='ocrx_word' id='word_1_297' title='bbox 0 0 1558 5138; x_wconf 95' lang='lat' dir='ltr'><strong> </strong></span> 
     </span>
    </p>
   </div>
  </div>
 </body>
</html>
