<?xml version="1.0" encoding="UTF-8"?>
<!DOCTYPE html PUBLIC "-//W3C//DTD XHTML 1.0 Transitional//EN"
    "http://www.w3.org/TR/xhtml1/DTD/xhtml1-transitional.dtd">
<html xmlns="http://www.w3.org/1999/xhtml" xml:lang="en" lang="en">
 <head>
  <title>
</title>
<meta http-equiv="Content-Type" content="text/html;charset=utf-8" />
  <meta name='ocr-system' content='tesseract 3.04.00' />
  <meta name='ocr-capabilities' content='ocr_page ocr_carea ocr_par ocr_line ocrx_word'/>
</head>
<body>
  <div class='ocr_page' id='page_1' title='image "./manualelatinita00rossgoog_0133.png"; bbox 0 0 3080 5150; ppageno 0'>
   <div class='ocr_carea' id='block_1_1' title="bbox 754 357 990 426">
    <p class='ocr_par' dir='ltr' id='par_1_1' title="bbox 754 357 990 426">
     <span class='ocr_line' id='line_1_1' title="bbox 754 357 990 426; baseline 0.008 -2"><span class='ocrx_word' id='word_1_1' title='bbox 754 357 990 426; x_wconf 80' lang='lat'>-112-</span> 
     </span>
    </p>
   </div>
   <div class='ocr_carea' id='block_1_2' title="bbox 391 525 1449 1580">
    <p class='ocr_par' dir='ltr' id='par_1_2' title="bbox 391 525 1448 928">
     <span class='ocr_line' id='line_1_2' title="bbox 433 525 1447 619; baseline -0.002 -21"><span class='ocrx_word' id='word_1_2' title='bbox 433 531 473 598; x_wconf 88' lang='lat' dir='ltr'>In</span> <span class='ocrx_word' id='word_1_3' title='bbox 488 531 565 618; x_wconf 87' lang='lat' dir='ltr'>jure</span> <span class='ocrx_word' id='word_1_4' title='bbox 595 533 753 597; x_wconf 81' lang='lat' dir='ltr'>canonico</span> <span class='ocrx_word' id='word_1_5' title='bbox 784 531 1055 619; x_wconf 75' lang='lat' dir='ltr'><strong>locupletationis</strong></span> <span class='ocrx_word' id='word_1_6' title='bbox 1085 529 1248 617; x_wconf 74' lang='lat' dir='ltr'>obligatio</span> <span class='ocrx_word' id='word_1_7' title='bbox 1278 525 1447 596; x_wconf 82' lang='lat' dir='ltr'>naturalis</span> 
     </span>
     <span class='ocr_line' id='line_1_3' title="bbox 393 632 1448 720; baseline -0.006 -18"><span class='ocrx_word' id='word_1_8' title='bbox 393 643 462 702; x_wconf 86' lang='lat' dir='ltr'>est:</span> <span class='ocrx_word' id='word_1_9' title='bbox 491 634 579 702; x_wconf 89' lang='lat' dir='ltr'>uude</span> <span class='ocrx_word' id='word_1_10' title='bbox 611 632 765 700; x_wconf 78' lang='lat' dir='ltr'>Christus</span> <span class='ocrx_word' id='word_1_11' title='bbox 789 637 823 698; x_wconf 91' lang='lat' dir='ltr'>iu</span> <span class='ocrx_word' id='word_1_12' title='bbox 852 634 1042 720; x_wconf 89' lang='lat' dir='ltr'>evaugelio:</span> <span class='ocrx_word' id='word_1_13' title='bbox 1077 635 1185 700; x_wconf 90' lang='lat' dir='ltr'>omnia</span> <span class='ocrx_word' id='word_1_14' title='bbox 1214 653 1448 720; x_wconf 88' lang='lat' dir='ltr'>quaecumque</span> 
     </span>
     <span class='ocr_line' id='line_1_4' title="bbox 391 735 1448 822; baseline -0.002 -18"><span class='ocrx_word' id='word_1_15' title='bbox 391 738 503 822; x_wconf 85' lang='lat' dir='ltr'>vultis,</span> <span class='ocrx_word' id='word_1_16' title='bbox 525 745 563 804; x_wconf 89' lang='lat' dir='ltr'>ut</span> <span class='ocrx_word' id='word_1_17' title='bbox 584 738 711 804; x_wconf 84' lang='lat' dir='ltr'>faciant</span> <span class='ocrx_word' id='word_1_18' title='bbox 731 738 827 804; x_wconf 90' lang='lat' dir='ltr'>vobie</span> <span class='ocrx_word' id='word_1_19' title='bbox 849 737 1015 817; x_wconf 85' lang='lat' dir='ltr'>heminae,</span> <span class='ocrx_word' id='word_1_20' title='bbox 1045 745 1080 804; x_wconf 89' lang='lat' dir='ltr'>ct</span> <span class='ocrx_word' id='word_1_21' title='bbox 1109 757 1171 804; x_wconf 86' lang='lat' dir='ltr'>voa</span> <span class='ocrx_word' id='word_1_22' title='bbox 1193 735 1310 806; x_wconf 85' lang='lat' dir='ltr'>eadem</span> <span class='ocrx_word' id='word_1_23' title='bbox 1340 737 1448 802; x_wconf 85' lang='lat' dir='ltr'>facite</span> 
     </span>
     <span class='ocr_line' id='line_1_5' title="bbox 394 840 1112 928; baseline -0.004 -22"><span class='ocrx_word' id='word_1_24' title='bbox 394 842 469 926; x_wconf 85' lang='lat' dir='ltr'>illie,</span> <span class='ocrx_word' id='word_1_25' title='bbox 492 841 577 908; x_wconf 90' lang='lat' dir='ltr'>haec</span> <span class='ocrx_word' id='word_1_26' title='bbox 599 849 652 908; x_wconf 86' lang='lat' dir='ltr'>eat</span> <span class='ocrx_word' id='word_1_27' title='bbox 674 843 759 908; x_wconf 91' lang='lat' dir='ltr'>enim</span> <span class='ocrx_word' id='word_1_28' title='bbox 780 840 838 908; x_wconf 84' lang='lat' dir='ltr'>lex</span> <span class='ocrx_word' id='word_1_29' title='bbox 861 848 895 908; x_wconf 86' lang='lat' dir='ltr'>et</span> <span class='ocrx_word' id='word_1_30' title='bbox 915 841 1112 928; x_wconf 85' lang='lat' dir='ltr'>prophetae.</span> 
     </span>
    </p>

    <p class='ocr_par' dir='ltr' id='par_1_3' title="bbox 462 959 877 1047">
     <span class='ocr_line' id='line_1_6' title="bbox 462 959 877 1047; baseline 0.002 -21"><span class='ocrx_word' id='word_1_31' title='bbox 462 961 640 1044; x_wconf 69' lang='lat' dir='ltr'>Gratianus,</span> <span class='ocrx_word' id='word_1_32' title='bbox 663 959 739 1028; x_wconf 87' lang='lat' dir='ltr'>diet.</span> <span class='ocrx_word' id='word_1_33' title='bbox 760 963 877 1047; x_wconf 88' lang='lat' dir='ltr'>prima.</span> 
     </span>
    </p>

    <p class='ocr_par' dir='ltr' id='par_1_4' title="bbox 392 1079 1449 1580">
     <span class='ocr_line' id='line_1_7' title="bbox 436 1079 1447 1167; baseline 0 -22"><span class='ocrx_word' id='word_1_34' title='bbox 436 1080 714 1167; x_wconf 89' lang='lat' dir='ltr'>Locupletatione</span> <span class='ocrx_word' id='word_1_35' title='bbox 736 1079 890 1162; x_wconf 85' lang='lat' dir='ltr'>alterius,</span> <span class='ocrx_word' id='word_1_36' title='bbox 912 1084 942 1148; x_wconf 91' lang='lat' dir='ltr'>ai</span> <span class='ocrx_word' id='word_1_37' title='bbox 963 1079 1049 1148; x_wconf 88' lang='lat' dir='ltr'>alter</span> <span class='ocrx_word' id='word_1_38' title='bbox 1071 1079 1226 1147; x_wconf 87' lang='lat' dir='ltr'>damnum</span> <span class='ocrx_word' id='word_1_39' title='bbox 1256 1081 1311 1146; x_wconf 87' lang='lat' dir='ltr'>vel</span> <span class='ocrx_word' id='word_1_40' title='bbox 1340 1103 1447 1146; x_wconf 86' lang='lat' dir='ltr'>casu</span> 
     </span>
     <span class='ocr_line' id='line_1_8' title="bbox 392 1183 1449 1272; baseline 0 -24"><span class='ocrx_word' id='word_1_41' title='bbox 392 1203 575 1270; x_wconf 82' lang='lat' dir='ltr'>perpessus</span> <span class='ocrx_word' id='word_1_42' title='bbox 598 1191 660 1264; x_wconf 84' lang='lat' dir='ltr'>est,</span> <span class='ocrx_word' id='word_1_43' title='bbox 684 1203 749 1270; x_wconf 92' lang='lat' dir='ltr'>quo</span> <span class='ocrx_word' id='word_1_44' title='bbox 771 1183 827 1250; x_wconf 91' lang='lat' dir='ltr'>ille</span> <span class='ocrx_word' id='word_1_45' title='bbox 855 1183 1096 1272; x_wconf 72' lang='lat' dir='ltr'>locupletatur,</span> <span class='ocrx_word' id='word_1_46' title='bbox 1125 1185 1164 1250; x_wconf 89' lang='lat' dir='ltr'>fit</span> <span class='ocrx_word' id='word_1_47' title='bbox 1193 1204 1328 1272; x_wconf 91' lang='lat' dir='ltr'>quoque</span> <span class='ocrx_word' id='word_1_48' title='bbox 1361 1184 1449 1250; x_wconf 91' lang='lat' dir='ltr'>obli·</span> 
     </span>
     <span class='ocr_line' id='line_1_9' title="bbox 393 1285 1449 1373; baseline 0.001 -23"><span class='ocrx_word' id='word_1_49' title='bbox 393 1288 486 1372; x_wconf 83' lang='lat' dir='ltr'>gatio</span> <span class='ocrx_word' id='word_1_50' title='bbox 515 1285 638 1370; x_wconf 83' lang='lat' dir='ltr'>civilia,</span> <span class='ocrx_word' id='word_1_51' title='bbox 670 1293 704 1352; x_wconf 88' lang='lat' dir='ltr'>et</span> <span class='ocrx_word' id='word_1_52' title='bbox 733 1289 821 1352; x_wconf 83' lang='lat' dir='ltr'>ectio</span> <span class='ocrx_word' id='word_1_53' title='bbox 851 1287 1096 1373; x_wconf 84' lang='lat' dir='ltr'>quodammodo</span> <span class='ocrx_word' id='word_1_54' title='bbox 1128 1288 1330 1354; x_wconf 80' lang='lat' dir='ltr'>conceditur.</span> <span class='ocrx_word' id='word_1_55' title='bbox 1379 1285 1449 1353; x_wconf 88' lang='lat' dir='ltr'>Sed</span> 
     </span>
     <span class='ocr_line' id='line_1_10' title="bbox 394 1387 1449 1475; baseline 0 -22"><span class='ocrx_word' id='word_1_56' title='bbox 394 1391 501 1454; x_wconf 86' lang='lat' dir='ltr'>nostri</span> <span class='ocrx_word' id='word_1_57' title='bbox 522 1387 597 1455; x_wconf 85' lang='lat' dir='ltr'>IOti</span> <span class='ocrx_word' id='word_1_58' title='bbox 617 1409 683 1456; x_wconf 91' lang='lat' dir='ltr'>uon</span> <span class='ocrx_word' id='word_1_59' title='bbox 704 1409 782 1456; x_wconf 87' lang='lat' dir='ltr'>raro</span> <span class='ocrx_word' id='word_1_60' title='bbox 806 1390 914 1475; x_wconf 74' lang='lat' dir='ltr'>adjus</span> <span class='ocrx_word' id='word_1_61' title='bbox 936 1391 1123 1456; x_wconf 85' lang='lat' dir='ltr'>Romanum</span> <span class='ocrx_word' id='word_1_62' title='bbox 1143 1397 1331 1475; x_wconf 89' lang='lat' dir='ltr'>recurrunt,</span> <span class='ocrx_word' id='word_1_63' title='bbox 1356 1388 1449 1455; x_wconf 83' lang='lat' dir='ltr'>etad</span> 
     </span>
     <span class='ocr_line' id='line_1_11' title="bbox 397 1493 1446 1580; baseline 0.002 -25"><span class='ocrx_word' id='word_1_64' title='bbox 397 1494 704 1579; x_wconf 81' lang='lat' dir='ltr'>interpretationem</span> <span class='ocrx_word' id='word_1_65' title='bbox 727 1495 974 1578; x_wconf 85' lang='lat' dir='ltr'>principiorum,</span> <span class='ocrx_word' id='word_1_66' title='bbox 997 1493 1117 1580; x_wconf 82' lang='lat' dir='ltr'>quibus</span> <span class='ocrx_word' id='word_1_67' title='bbox 1139 1495 1262 1559; x_wconf 88' lang='lat' dir='ltr'>utimur</span> <span class='ocrx_word' id='word_1_68' title='bbox 1285 1493 1446 1559; x_wconf 79' lang='lat' dir='ltr'>admissio</span> 
     </span>
    </p>
   </div>
   <div class='ocr_carea' id='block_1_3' title="bbox 393 1595 1448 1783">
    <p class='ocr_par' dir='ltr' id='par_1_5' title="bbox 393 1595 1448 1783">
     <span class='ocr_line' id='line_1_12' title="bbox 393 1595 1448 1682; baseline 0 -22"><span class='ocrx_word' id='word_1_69' title='bbox 393 1595 578 1661; x_wconf 78' lang='lat' dir='ltr'>actionibus</span> <span class='ocrx_word' id='word_1_70' title='bbox 593 1598 628 1660; x_wconf 92' lang='lat' dir='ltr'>iu</span> <span class='ocrx_word' id='word_1_71' title='bbox 649 1596 785 1680; x_wconf 82' lang='lat' dir='ltr'>fectum,</span> <span class='ocrx_word' id='word_1_72' title='bbox 808 1595 853 1660; x_wconf 87' lang='lat' dir='ltr'>ad</span> <span class='ocrx_word' id='word_1_73' title='bbox 875 1597 1064 1682; x_wconf 87' lang='lat' dir='ltr'>exemplum</span> <span class='ocrx_word' id='word_1_74' title='bbox 1086 1597 1171 1682; x_wconf 85' lang='lat' dir='ltr'>legis</span> <span class='ocrx_word' id='word_1_75' title='bbox 1194 1596 1357 1682; x_wconf 78' lang='lat' dir='ltr'>Aquiliae</span> <span class='ocrx_word' id='word_1_76' title='bbox 1376 1597 1448 1682; x_wconf 84' lang='lat' dir='ltr'>jam</span> 
     </span>
     <span class='ocr_line' id='line_1_13' title="bbox 394 1696 873 1783; baseline 0 -21"><span class='ocrx_word' id='word_1_77' title='bbox 394 1696 484 1783; x_wconf 86' lang='lat' dir='ltr'>apud</span> <span class='ocrx_word' id='word_1_78' title='bbox 503 1697 673 1775; x_wconf 83' lang='lat' dir='ltr'>Romanoa</span> <span class='ocrx_word' id='word_1_79' title='bbox 697 1699 873 1765; x_wconf 82' lang='lat' dir='ltr'>concessis.</span> 
     </span>
    </p>
   </div>
   <div class='ocr_carea' id='block_1_4' title="bbox 393 1816 1449 2317">
    <p class='ocr_par' dir='ltr' id='par_1_6' title="bbox 393 1816 1449 2317">
     <span class='ocr_line' id='line_1_14' title="bbox 437 1816 1448 1907; baseline 0.002 -25"><span class='ocrx_word' id='word_1_80' title='bbox 437 1816 673 1905; x_wconf 87' lang='lat' dir='ltr'>Locupletetio</span> <span class='ocrx_word' id='word_1_81' title='bbox 696 1839 776 1884; x_wconf 86' lang='lat' dir='ltr'>vero</span> <span class='ocrx_word' id='word_1_82' title='bbox 801 1840 845 1886; x_wconf 83' lang='lat' dir='ltr'>ex</span> <span class='ocrx_word' id='word_1_83' title='bbox 867 1821 1032 1884; x_wconf 82' lang='lat' dir='ltr'>sententia</span> <span class='ocrx_word' id='word_1_84' title='bbox 1054 1819 1172 1885; x_wconf 91' lang='lat' dir='ltr'>horum</span> <span class='ocrx_word' id='word_1_85' title='bbox 1193 1817 1353 1886; x_wconf 87' lang='lat' dir='ltr'>ICtorum</span> <span class='ocrx_word' id='word_1_86' title='bbox 1370 1823 1448 1907; x_wconf 87' lang='lat' dir='ltr'>gig·</span> 
     </span>
     <span class='ocr_line' id='line_1_15' title="bbox 393 1921 1447 2008; baseline 0.003 -23"><span class='ocrx_word' id='word_1_87' title='bbox 393 1921 443 1985; x_wconf 92' lang='lat' dir='ltr'>uit</span> <span class='ocrx_word' id='word_1_88' title='bbox 465 1923 639 2003; x_wconf 80' lang='lat' dir='ltr'>actionem,</span> <span class='ocrx_word' id='word_1_89' title='bbox 662 1924 691 1987; x_wconf 86' lang='lat' dir='ltr'>ei</span> <span class='ocrx_word' id='word_1_90' title='bbox 712 1923 746 1985; x_wconf 92' lang='lat' dir='ltr'>in</span> <span class='ocrx_word' id='word_1_91' title='bbox 764 1922 839 2008; x_wconf 86' lang='lat' dir='ltr'>jure</span> <span class='ocrx_word' id='word_1_92' title='bbox 850 1921 1002 1989; x_wconf 79' lang='lat' dir='ltr'>Romano</span> <span class='ocrx_word' id='word_1_93' title='bbox 1025 1924 1114 1988; x_wconf 87' lang='lat' dir='ltr'>actio</span> <span class='ocrx_word' id='word_1_94' title='bbox 1136 1921 1178 1987; x_wconf 91' lang='lat' dir='ltr'>de</span> <span class='ocrx_word' id='word_1_95' title='bbox 1199 1924 1234 1986; x_wconf 92' lang='lat' dir='ltr'>in</span> <span class='ocrx_word' id='word_1_96' title='bbox 1255 1943 1326 1987; x_wconf 87' lang='lat' dir='ltr'>rem</span> <span class='ocrx_word' id='word_1_97' title='bbox 1346 1944 1447 1988; x_wconf 83' lang='lat' dir='ltr'>verae</span> 
     </span>
     <span class='ocr_line' id='line_1_16' title="bbox 395 2023 1449 2110; baseline 0.001 -22"><span class='ocrx_word' id='word_1_98' title='bbox 395 2025 532 2109; x_wconf 89' lang='lat' dir='ltr'>obtinet,</span> <span class='ocrx_word' id='word_1_99' title='bbox 555 2023 616 2090; x_wconf 86' lang='lat' dir='ltr'>sed</span> <span class='ocrx_word' id='word_1_100' title='bbox 637 2045 704 2089; x_wconf 92' lang='lat' dir='ltr'>nou</span> <span class='ocrx_word' id='word_1_101' title='bbox 724 2031 762 2089; x_wconf 92' lang='lat' dir='ltr'>ut</span> <span class='ocrx_word' id='word_1_102' title='bbox 784 2025 960 2110; x_wconf 84' lang='lat' dir='ltr'>adjiciatur</span> <span class='ocrx_word' id='word_1_103' title='bbox 983 2025 1040 2090; x_wconf 88' lang='lat' dir='ltr'>elii</span> <span class='ocrx_word' id='word_1_104' title='bbox 1062 2027 1194 2110; x_wconf 85' lang='lat' dir='ltr'>actioni,</span> <span class='ocrx_word' id='word_1_105' title='bbox 1217 2025 1279 2092; x_wconf 84' lang='lat' dir='ltr'>scd</span> <span class='ocrx_word' id='word_1_106' title='bbox 1301 2033 1339 2091; x_wconf 91' lang='lat' dir='ltr'>ut</span> <span class='ocrx_word' id='word_1_107' title='bbox 1356 2029 1449 2091; x_wconf 84' lang='lat' dir='ltr'>orie-</span> 
     </span>
     <span class='ocr_line' id='line_1_17' title="bbox 395 2125 1448 2214; baseline 0 -23"><span class='ocrx_word' id='word_1_108' title='bbox 395 2135 450 2192; x_wconf 92' lang='lat' dir='ltr'>tur</span> <span class='ocrx_word' id='word_1_109' title='bbox 472 2129 609 2214; x_wconf 83' lang='lat' dir='ltr'>propria</span> <span class='ocrx_word' id='word_1_110' title='bbox 632 2125 791 2214; x_wconf 83' lang='lat' dir='ltr'>obligatio</span> <span class='ocrx_word' id='word_1_111' title='bbox 815 2149 859 2194; x_wconf 84' lang='lat' dir='ltr'>ex</span> <span class='ocrx_word' id='word_1_112' title='bbox 881 2127 1000 2194; x_wconf 83' lang='lat' dir='ltr'>domno</span> <span class='ocrx_word' id='word_1_113' title='bbox 1023 2129 1114 2195; x_wconf 87' lang='lat' dir='ltr'>iectu</span> <span class='ocrx_word' id='word_1_114' title='bbox 1136 2131 1171 2192; x_wconf 95' lang='lat' dir='ltr'>in</span> <span class='ocrx_word' id='word_1_115' title='bbox 1193 2127 1331 2194; x_wconf 84' lang='lat' dir='ltr'>alteriue</span> <span class='ocrx_word' id='word_1_116' title='bbox 1354 2129 1448 2194; x_wconf 89' lang='lat' dir='ltr'>utili-</span> 
     </span>
     <span class='ocr_line' id='line_1_18' title="bbox 395 2229 1331 2317; baseline 0 -22"><span class='ocrx_word' id='word_1_117' title='bbox 395 2237 509 2296; x_wconf 88' lang='lat' dir='ltr'>tatem.</span> <span class='ocrx_word' id='word_1_118' title='bbox 553 2233 698 2310; x_wconf 80' lang='lat' dir='ltr'>Roaclu&#39;rt,</span> <span class='ocrx_word' id='word_1_119' title='bbox 721 2229 862 2296; x_wconf 83' lang='lat' dir='ltr'>historia</span> <span class='ocrx_word' id='word_1_120' title='bbox 879 2231 965 2316; x_wconf 82' lang='lat' dir='ltr'>juris</span> <span class='ocrx_word' id='word_1_121' title='bbox 988 2232 1088 2297; x_wconf 90' lang='lat' dir='ltr'>medii</span> <span class='ocrx_word' id='word_1_122' title='bbox 1110 2234 1185 2297; x_wconf 85' lang='lat' dir='ltr'>aevi</span> <span class='ocrx_word' id='word_1_123' title='bbox 1203 2251 1237 2317; x_wconf 90' lang='lat' dir='ltr'>p.</span> <span class='ocrx_word' id='word_1_124' title='bbox 1259 2231 1331 2297; x_wconf 89' lang='lat'>586.</span> 
     </span>
    </p>
   </div>
   <div class='ocr_carea' id='block_1_5' title="bbox 310 2347 1449 2848">
    <p class='ocr_par' dir='ltr' id='par_1_7' title="bbox 310 2347 1449 2848">
     <span class='ocr_line' id='line_1_19' title="bbox 310 2347 1446 2437; baseline 0 -22"><span class='ocrx_word' id='word_1_125' title='bbox 310 2347 459 2416; x_wconf 80' lang='lat' dir='ltr'>Locutio</span> <span class='ocrx_word' id='word_1_126' title='bbox 480 2349 618 2435; x_wconf 82' lang='lat' dir='ltr'>pluralis</span> <span class='ocrx_word' id='word_1_127' title='bbox 642 2386 682 2398; x_wconf 86' lang='lat'>-</span> <span class='ocrx_word' id='word_1_128' title='bbox 706 2349 847 2416; x_wconf 90' lang='lat' dir='ltr'>duorum</span> <span class='ocrx_word' id='word_1_129' title='bbox 876 2371 1012 2417; x_wconf 86' lang='lat' dir='ltr'>numero</span> <span class='ocrx_word' id='word_1_130' title='bbox 1036 2357 1088 2416; x_wconf 86' lang='lat' dir='ltr'>eet</span> <span class='ocrx_word' id='word_1_131' title='bbox 1118 2351 1284 2437; x_wconf 80' lang='lat' dir='ltr'>contenta,</span> <span class='ocrx_word' id='word_1_132' title='bbox 1307 2370 1382 2436; x_wconf 86' lang='lat' dir='ltr'>reg.</span> <span class='ocrx_word' id='word_1_133' title='bbox 1405 2353 1446 2415; x_wconf 85' lang='lat'>40</span> 
     </span>
     <span class='ocr_line' id='line_1_20' title="bbox 394 2450 523 2518; baseline -0.008 0"><span class='ocrx_word' id='word_1_134' title='bbox 394 2456 429 2518; x_wconf 92' lang='lat' dir='ltr'>in</span> <span class='ocrx_word' id='word_1_135' title='bbox 450 2450 523 2517; x_wconf 86' lang='lat' dir='ltr'>VI⁰.</span> 
     </span>
     <span class='ocr_line' id='line_1_21' title="bbox 438 2554 1449 2644; baseline -0.001 -24"><span class='ocrx_word' id='word_1_136' title='bbox 438 2558 626 2640; x_wconf 80' lang='lat' dir='ltr'>gravissimi</span> <span class='ocrx_word' id='word_1_137' title='bbox 641 2557 798 2622; x_wconf 88' lang='lat' dir='ltr'>momenti</span> <span class='ocrx_word' id='word_1_138' title='bbox 808 2559 842 2622; x_wconf 92' lang='lat' dir='ltr'>in</span> <span class='ocrx_word' id='word_1_139' title='bbox 853 2555 1052 2644; x_wconf 89' lang='lat' dir='ltr'>probatione</span> <span class='ocrx_word' id='word_1_140' title='bbox 1062 2576 1124 2644; x_wconf 87' lang='lat' dir='ltr'>per</span> <span class='ocrx_word' id='word_1_141' title='bbox 1136 2564 1252 2640; x_wconf 83' lang='lat' dir='ltr'>testes,</span> <span class='ocrx_word' id='word_1_142' title='bbox 1269 2554 1331 2622; x_wconf 85' lang='lat' dir='ltr'>aed</span> <span class='ocrx_word' id='word_1_143' title='bbox 1342 2554 1449 2621; x_wconf 87' lang='lat' dir='ltr'>habet</span> 
     </span>
     <span class='ocr_line' id='line_1_22' title="bbox 397 2656 1449 2745; baseline 0 -24"><span class='ocrx_word' id='word_1_144' title='bbox 397 2656 641 2744; x_wconf 86' lang='lat' dir='ltr'>quodammodo</span> <span class='ocrx_word' id='word_1_145' title='bbox 664 2661 824 2744; x_wconf 87' lang='lat' dir='ltr'>originem</span> <span class='ocrx_word' id='word_1_146' title='bbox 846 2659 1037 2726; x_wconf 76' lang='lat' dir='ltr'>historicam</span> <span class='ocrx_word' id='word_1_147' title='bbox 1056 2661 1090 2725; x_wconf 91' lang='lat' dir='ltr'>in</span> <span class='ocrx_word' id='word_1_148' title='bbox 1104 2659 1182 2745; x_wconf 84' lang='lat' dir='ltr'>jure</span> <span class='ocrx_word' id='word_1_149' title='bbox 1194 2659 1365 2742; x_wconf 82' lang='lat' dir='ltr'>canonice,</span> <span class='ocrx_word' id='word_1_150' title='bbox 1392 2656 1449 2723; x_wconf 88' lang='lat' dir='ltr'>sed</span> 
     </span>
     <span class='ocr_line' id='line_1_23' title="bbox 395 2760 940 2848; baseline 0.009 -23"><span class='ocrx_word' id='word_1_151' title='bbox 395 2760 485 2826; x_wconf 93' lang='lat' dir='ltr'>nullo</span> <span class='ocrx_word' id='word_1_152' title='bbox 508 2760 606 2827; x_wconf 91' lang='lat' dir='ltr'>modo</span> <span class='ocrx_word' id='word_1_153' title='bbox 628 2763 662 2826; x_wconf 94' lang='lat' dir='ltr'>in</span> <span class='ocrx_word' id='word_1_154' title='bbox 680 2762 757 2848; x_wconf 82' lang='lat' dir='ltr'>jure</span> <span class='ocrx_word' id='word_1_155' title='bbox 778 2762 940 2830; x_wconf 85' lang='lat' dir='ltr'>Romano.</span> 
     </span>
    </p>
   </div>
   <div class='ocr_carea' id='block_1_6' title="bbox 310 2879 1450 4206">
    <p class='ocr_par' dir='ltr' id='par_1_8' title="bbox 310 2879 1450 4206">
     <span class='ocr_line' id='line_1_24' title="bbox 310 2879 1450 2970; baseline -0.002 -24"><span class='ocrx_word' id='word_1_156' title='bbox 310 2879 514 2946; x_wconf 79' lang='lat' dir='ltr'>bombarda</span> <span class='ocrx_word' id='word_1_157' title='bbox 543 2917 585 2928; x_wconf 93' lang='lat'>-</span> <span class='ocrx_word' id='word_1_158' title='bbox 618 2879 681 2949; x_wconf 84' lang='lat' dir='ltr'>Jue</span> <span class='ocrx_word' id='word_1_159' title='bbox 704 2879 996 2968; x_wconf 80' lang='lat' dir='ltr'>Longoberdicum</span> <span class='ocrx_word' id='word_1_160' title='bbox 1019 2919 1060 2932; x_wconf 89' lang='lat'><em>-</em></span> <span class='ocrx_word' id='word_1_161' title='bbox 1088 2881 1391 2970; x_wconf 85' lang='lat' dir='ltr'>Lougobardcrum</span> <span class='ocrx_word' id='word_1_162' title='bbox 1419 2883 1450 2944; x_wconf 91' lang='lat' dir='ltr'>iu</span> 
     </span>
     <span class='ocr_line' id='line_1_25' title="bbox 395 2983 1448 3072; baseline 0 -23"><span class='ocrx_word' id='word_1_163' title='bbox 395 2983 626 3050; x_wconf 82' lang='lat' dir='ltr'>Decretalibus</span> <span class='ocrx_word' id='word_1_164' title='bbox 648 2989 715 3050; x_wconf 89' lang='lat' dir='ltr'>non</span> <span class='ocrx_word' id='word_1_165' title='bbox 726 3006 802 3052; x_wconf 84' lang='lat' dir='ltr'>raro</span> <span class='ocrx_word' id='word_1_166' title='bbox 815 2992 975 3072; x_wconf 80' lang='lat' dir='ltr'>tanquam</span> <span class='ocrx_word' id='word_1_167' title='bbox 986 2985 1239 3052; x_wconf 80' lang='lat' dir='ltr'>fundamentum</span> <span class='ocrx_word' id='word_1_168' title='bbox 1257 2985 1341 3070; x_wconf 81' lang='lat' dir='ltr'>juris</span> <span class='ocrx_word' id='word_1_169' title='bbox 1353 3005 1448 3050; x_wconf 90' lang='lat' dir='ltr'>com-</span> 
     </span>
     <span class='ocr_line' id='line_1_26' title="bbox 395 3087 1447 3178; baseline -0.001 -26"><span class='ocrx_word' id='word_1_170' title='bbox 395 3091 501 3154; x_wconf 84' lang='lat' dir='ltr'>munis</span> <span class='ocrx_word' id='word_1_171' title='bbox 530 3088 658 3156; x_wconf 92' lang='lat' dir='ltr'>medii</span> <span class='ocrx_word' id='word_1_172' title='bbox 685 3092 785 3156; x_wconf 83' lang='lat' dir='ltr'>aevi</span> <span class='ocrx_word' id='word_1_173' title='bbox 813 3097 986 3178; x_wconf 88' lang='lat' dir='ltr'>receptum</span> <span class='ocrx_word' id='word_1_174' title='bbox 1015 3097 1067 3160; x_wconf 84' lang='lat' dir='ltr'>eet</span> <span class='ocrx_word' id='word_1_175' title='bbox 1100 3111 1128 3158; x_wconf 90' lang='lat' dir='ltr'>c.</span> <span class='ocrx_word' id='word_1_176' title='bbox 1151 3111 1183 3178; x_wconf 87' lang='lat' dir='ltr'>g.</span> <span class='ocrx_word' id='word_1_177' title='bbox 1206 3087 1296 3177; x_wconf 91' lang='lat' dir='ltr'>quod</span> <span class='ocrx_word' id='word_1_178' title='bbox 1324 3090 1447 3153; x_wconf 85' lang='lat' dir='ltr'>attinet</span> 
     </span>
     <span class='ocr_line' id='line_1_27' title="bbox 395 3190 1446 3278; baseline -0.002 -22"><span class='ocrx_word' id='word_1_179' title='bbox 395 3190 439 3256; x_wconf 83' lang='lat' dir='ltr'>ed</span> <span class='ocrx_word' id='word_1_180' title='bbox 460 3193 647 3278; x_wconf 85' lang='lat' dir='ltr'>portionem</span> <span class='ocrx_word' id='word_1_181' title='bbox 670 3191 853 3278; x_wconf 86' lang='lat' dir='ltr'>legitimam</span> <span class='ocrx_word' id='word_1_182' title='bbox 881 3193 1010 3278; x_wconf 88' lang='lat' dir='ltr'>injure</span> <span class='ocrx_word' id='word_1_183' title='bbox 1029 3193 1241 3260; x_wconf 86' lang='lat' dir='ltr'>hereditario.</span> <span class='ocrx_word' id='word_1_184' title='bbox 1271 3211 1298 3256; x_wconf 90' lang='lat' dir='ltr'>c.</span> <span class='ocrx_word' id='word_1_185' title='bbox 1321 3191 1376 3258; x_wconf 90' lang='grc'>16.</span> <span class='ocrx_word' id='word_1_186' title='bbox 1400 3190 1446 3256; x_wconf 90' lang='grc'>18.</span> 
     </span>
     <span class='ocr_line' id='line_1_28' title="bbox 394 3291 786 3362; baseline -0.005 -2"><span class='ocrx_word' id='word_1_187' title='bbox 394 3293 442 3360; x_wconf 90' lang='grc' dir='ltr'>Χ.</span> <span class='ocrx_word' id='word_1_188' title='bbox 465 3291 507 3360; x_wconf 90' lang='lat' dir='ltr'>de</span> <span class='ocrx_word' id='word_1_189' title='bbox 529 3302 660 3361; x_wconf 86' lang='lat' dir='ltr'>testam.</span> <span class='ocrx_word' id='word_1_190' title='bbox 682 3297 713 3362; x_wconf 88' lang='lat'>3.</span> <span class='ocrx_word' id='word_1_191' title='bbox 736 3297 786 3362; x_wconf 78' lang='lat'>26.</span> 
     </span>
     <span class='ocr_line' id='line_1_29' title="bbox 346 3395 1448 3486; baseline -0.002 -24"><span class='ocrx_word' id='word_1_192' title='bbox 346 3470 359 3476; x_wconf 29' lang='lat'><em>⁶</em></span> <span class='ocrx_word' id='word_1_193' title='bbox 440 3395 517 3462; x_wconf 86' lang='lat' dir='ltr'>Jam</span> <span class='ocrx_word' id='word_1_194' title='bbox 534 3419 614 3466; x_wconf 90' lang='lat' dir='ltr'>vero</span> <span class='ocrx_word' id='word_1_195' title='bbox 638 3397 888 3486; x_wconf 82' lang='lat' dir='ltr'>ePaucopalca</span> <span class='ocrx_word' id='word_1_196' title='bbox 902 3397 1259 3485; x_wconf 82' lang='lat' dir='ltr'>juaLongcbardicum</span> <span class='ocrx_word' id='word_1_197' title='bbox 1272 3395 1338 3464; x_wconf 92' lang='lat' dir='ltr'>hoc</span> <span class='ocrx_word' id='word_1_198' title='bbox 1349 3417 1448 3464; x_wconf 83' lang='lat' dir='ltr'>sensu</span> 
     </span>
     <span class='ocr_line' id='line_1_30' title="bbox 397 3500 1443 3588; baseline -0.003 -22"><span class='ocrx_word' id='word_1_199' title='bbox 397 3507 604 3587; x_wconf 87' lang='lat' dir='ltr'>recognitum</span> <span class='ocrx_word' id='word_1_200' title='bbox 628 3509 717 3585; x_wconf 85' lang='lat' dir='ltr'>crat,</span> <span class='ocrx_word' id='word_1_201' title='bbox 747 3502 783 3566; x_wconf 90' lang='lat' dir='ltr'>id</span> <span class='ocrx_word' id='word_1_202' title='bbox 805 3500 896 3588; x_wconf 93' lang='lat' dir='ltr'>quod</span> <span class='ocrx_word' id='word_1_203' title='bbox 926 3509 1071 3568; x_wconf 82' lang='lat' dir='ltr'>tentatur</span> <span class='ocrx_word' id='word_1_204' title='bbox 1100 3501 1369 3588; x_wconf 87' lang='lat' dir='ltr'>Menuecriptum</span> <span class='ocrx_word' id='word_1_205' title='bbox 1392 3501 1443 3564; x_wconf 92' lang='lat' dir='ltr'>bi-</span> 
     </span>
     <span class='ocr_line' id='line_1_31' title="bbox 398 3601 1447 3692; baseline -0.005 -23"><span class='ocrx_word' id='word_1_206' title='bbox 398 3601 513 3670; x_wconf 91' lang='lat' dir='ltr'>blioth.</span> <span class='ocrx_word' id='word_1_207' title='bbox 524 3603 655 3670; x_wconf 92' lang='lat' dir='ltr'>Monac.</span> <span class='ocrx_word' id='word_1_208' title='bbox 678 3603 828 3688; x_wconf 77' lang='lat' dir='ltr'>(Macron,</span> <span class='ocrx_word' id='word_1_209' title='bbox 850 3607 884 3670; x_wconf 93' lang='lat' dir='ltr'>in</span> <span class='ocrx_word' id='word_1_210' title='bbox 907 3605 971 3671; x_wconf 90' lang='lat' dir='ltr'>den</span> <span class='ocrx_word' id='word_1_211' title='bbox 992 3604 1227 3692; x_wconf 80' lang='lat' dir='ltr'>Jahrbiichern</span> <span class='ocrx_word' id='word_1_212' title='bbox 1247 3625 1313 3670; x_wconf 88' lang='lat' dir='ltr'>von</span> <span class='ocrx_word' id='word_1_213' title='bbox 1336 3606 1447 3668; x_wconf 75' lang='lat' dir='ltr'>Beclccr</span> 
     </span>
     <span class='ocr_line' id='line_1_32' title="bbox 398 3705 788 3794; baseline -0.003 -21"><span class='ocrx_word' id='word_1_214' title='bbox 398 3705 466 3773; x_wconf 91' lang='lat' dir='ltr'>und</span> <span class='ocrx_word' id='word_1_215' title='bbox 487 3711 605 3771; x_wconf 69' lang='lat' dir='ltr'>Matheo</span> <span class='ocrx_word' id='word_1_216' title='bbox 625 3707 667 3775; x_wconf 86' lang='grc' dir='ltr'>Π.</span> <span class='ocrx_word' id='word_1_217' title='bbox 693 3710 721 3774; x_wconf 94' lang='grc'>1.</span> <span class='ocrx_word' id='word_1_218' title='bbox 744 3705 788 3794; x_wconf 80' lang='lat'>2.)</span> 
     </span>
     <span class='ocr_line' id='line_1_33' title="bbox 439 3808 1446 3900; baseline 0 -24"><span class='ocrx_word' id='word_1_219' title='bbox 439 3808 531 3894; x_wconf 77' lang='lat' dir='ltr'>Clas.</span> <span class='ocrx_word' id='word_1_220' title='bbox 553 3815 635 3874; x_wconf 75' lang='lat' dir='ltr'>Pieri</span> <span class='ocrx_word' id='word_1_221' title='bbox 657 3810 700 3878; x_wconf 94' lang='lat' dir='ltr'>de</span> <span class='ocrx_word' id='word_1_222' title='bbox 722 3833 784 3878; x_wconf 81' lang='lat' dir='ltr'>usu</span> <span class='ocrx_word' id='word_1_223' title='bbox 802 3812 887 3898; x_wconf 87' lang='lat' dir='ltr'>juris</span> <span class='ocrx_word' id='word_1_224' title='bbox 897 3811 1146 3900; x_wconf 84' lang='lat' dir='ltr'>Lougobardici</span> <span class='ocrx_word' id='word_1_225' title='bbox 1160 3811 1250 3899; x_wconf 85' lang='lat' dir='ltr'>apud</span> <span class='ocrx_word' id='word_1_226' title='bbox 1272 3811 1446 3878; x_wconf 84' lang='lat' dir='ltr'>ecclesias·</span> 
     </span>
     <span class='ocr_line' id='line_1_34' title="bbox 396 3913 1367 3982; baseline 0.012 -6"><span class='ocrx_word' id='word_1_227' title='bbox 396 3913 491 3979; x_wconf 87' lang='lat' dir='ltr'>ticos.</span> <span class='ocrx_word' id='word_1_228' title='bbox 535 3913 626 3979; x_wconf 81' lang='lat' dir='ltr'>Flor.</span> <span class='ocrx_word' id='word_1_229' title='bbox 651 3917 744 3982; x_wconf 80' lang='lat'>1744.</span> <span class='ocrx_word' id='word_1_230' title='bbox 1363 3919 1367 3928; x_wconf 83' lang='lat'>&#39;</span> 
     </span>
     <span class='ocr_line' id='line_1_35' title="bbox 438 4015 1446 4106; baseline 0.004 -28"><span class='ocrx_word' id='word_1_231' title='bbox 438 4019 537 4080; x_wconf 83' lang='lat' dir='ltr'>Rocco</span> <span class='ocrx_word' id='word_1_232' title='bbox 556 4017 612 4102; x_wconf 84' lang='lat' dir='ltr'>jus</span> <span class='ocrx_word' id='word_1_233' title='bbox 625 4015 827 4084; x_wconf 84' lang='lat' dir='ltr'>Canonicum</span> <span class='ocrx_word' id='word_1_234' title='bbox 850 4018 894 4084; x_wconf 84' lang='lat' dir='ltr'>ad</span> <span class='ocrx_word' id='word_1_235' title='bbox 920 4017 1049 4086; x_wconf 86' lang='lat' dir='ltr'>civilem</span> <span class='ocrx_word' id='word_1_236' title='bbox 1060 4018 1355 4106; x_wconf 81' lang='lat' dir='ltr'>jurisprudentiam</span> <span class='ocrx_word' id='word_1_237' title='bbox 1368 4038 1446 4104; x_wconf 89' lang='lat' dir='ltr'>per-</span> 
     </span>
     <span class='ocr_line' id='line_1_36' title="bbox 398 4117 1176 4206; baseline 0.005 -24"><span class='ocrx_word' id='word_1_238' title='bbox 398 4117 574 4184; x_wconf 84' lang='lat' dir='ltr'>ficiendam</span> <span class='ocrx_word' id='word_1_239' title='bbox 597 4119 677 4206; x_wconf 92' lang='lat' dir='ltr'>quid</span> <span class='ocrx_word' id='word_1_240' title='bbox 699 4119 857 4188; x_wconf 83' lang='lat' dir='ltr'>attulerit.</span> <span class='ocrx_word' id='word_1_241' title='bbox 901 4119 1060 4188; x_wconf 83' lang='lat' dir='ltr'>Panormi</span> <span class='ocrx_word' id='word_1_242' title='bbox 1083 4121 1176 4190; x_wconf 87' lang='lat'>1839.</span> 
     </span>
    </p>
   </div>
   <div class='ocr_carea' id='block_1_7' title="bbox 311 4236 1444 4408">
    <p class='ocr_par' dir='ltr' id='par_1_9' title="bbox 311 4236 1444 4408">
     <span class='ocr_line' id='line_1_37' title="bbox 311 4236 1444 4330; baseline 0 -26"><span class='ocrx_word' id='word_1_243' title='bbox 311 4237 435 4305; x_wconf 78' lang='lat' dir='ltr'>Ludus</span> <span class='ocrx_word' id='word_1_244' title='bbox 458 4236 665 4324; x_wconf 80' lang='lat' dir='ltr'>(taxillorum</span> <span class='ocrx_word' id='word_1_245' title='bbox 687 4240 809 4328; x_wconf 84' lang='lat' dir='ltr'>ludus).</span> <span class='ocrx_word' id='word_1_246' title='bbox 831 4239 872 4310; x_wconf 90' lang='lat' dir='ltr'>V.</span> <span class='ocrx_word' id='word_1_247' title='bbox 895 4243 1019 4312; x_wconf 70' lang='lat' dir='ltr'>Furor.</span> <span class='ocrx_word' id='word_1_248' title='bbox 1042 4241 1148 4330; x_wconf 87' lang='lat' dir='ltr'>(nova</span> <span class='ocrx_word' id='word_1_249' title='bbox 1169 4238 1364 4330; x_wconf 84' lang='lat' dir='ltr'>appendix),</span> <span class='ocrx_word' id='word_1_250' title='bbox 1398 4237 1444 4306; x_wconf 88' lang='lat' dir='ltr'>ed.</span> 
     </span>
     <span class='ocr_line' id='line_1_38' title="bbox 400 4346 1350 4408; baseline 0 0"><span class='ocrx_word' id='word_1_251' title='bbox 400 4346 550 4408; x_wconf 76' lang='lat' dir='ltr'>Oaaincca.</span> <span class='ocrx_word' id='word_1_252' title='bbox 1347 4369 1350 4376; x_wconf 89' lang='lat'>·</span> 
     </span>
    </p>
   </div>
   <div class='ocr_carea' id='block_1_8' title="bbox 0 0 1555 5140">
    <p class='ocr_par' dir='ltr' id='par_1_10' title="bbox 0 0 1555 5140">
     <span class='ocr_line' id='line_1_39' title="bbox 0 0 1555 5140; baseline 0 0"><span class='ocrx_word' id='word_1_253' title='bbox 0 0 1555 5140; x_wconf 95' lang='lat' dir='ltr'> </span> 
     </span>
    </p>
   </div>
  </div>
 </body>
</html>
