3080 5150
378 439 395 486 ,
767 377 982 442 -68-

392 570 515 637 resque
536 547 776 616 Monachorum
790 549 1062 636 praescribuntur
1079 555 1113 616 et
1123 569 1230 616 novus
1244 550 1436 636 judiciorum

393 653 476 718 ordo
499 655 721 718 constituitur.
767 656 901 716 comae
914 654 988 739 ipse
1007 652 1172 718 saeculari
1192 659 1363 738 potestate
1382 675 1436 739 op-

391 777 529 842 pressus
564 755 729 842 quaedam
758 775 919 822 revocare
951 755 1089 840 studuit,
1127 757 1218 842 qnod
1255 760 1373 824 attinet
1399 757 1436 821 ad

394 856 674 924 constitutionem
703 861 863 940 Boaesocii
884 857 968 924 VIII
1004 857 1164 942 „Clericis
1196 858 1354 940 Laiccs“‚
1383 861 1436 925 sed

395 961 480 1026 hacc
500 961 645 1026 forsitan
667 964 822 1029 restituta
844 965 977 1028 suntin
1007 969 1252 1048 extravagante
1281 965 1436 1028 communi

393 1063 506 1151 „quod
529 1063 638 1131 odm.“

432 1167 710 1254 Extravagantes
733 1190 813 1235 vero
837 1179 1038 1238 conservant
1051 1177 1255 1258 potestatem
1266 1170 1435 1236 ecclesias-

391 1274 491 1338 ticam
506 1278 574 1336 tam
585 1275 620 1338 in
630 1273 731 1338 rebus
746 1276 929 1340 reservatis
940 1275 1096 1339 Pontifici
1115 1295 1242 1339 summo
1264 1276 1435 1349 concessis,

356 1411 361 1421 =
393 1396 493 1462 quam
514 1375 727 1463 inprchibiti
747 1376 946 1442 alienatione
964 1398 1076 1442 rerum
1090 1376 1390 1444 ecclesiasticarum
1407 1377 1435 1438 in

394 1487 524 1545 extrav.
546 1478 806 1578 ‚‚Ambitiosae‘·‘‚
828 1483 878 1544 ita
898 1486 936 1544 ut
956 1479 1012 1546 vel
1031 1482 1155 1546 nostris
1179 1479 1296 1546 diebus
1322 1497 1433 1564 corpus

387 1584 474 1668 juris
498 1584 648 1647 canonici
666 1603 706 1648 eo
729 1581 829 1648 modo
854 1581 1003 1649 clausum
1032 1582 1204 1666 videatur,
1234 1603 1301 1669 quo
1335 1585 1434 1668 ipsum

391 1693 444 1751 cst
472 1687 569 1771 quasi
597 1685 849 1751 fundamentum
879 1686 965 1771 juris
996 1685 1215 1752 ecclesiastici
1244 1685 1430 1752 recentioris

393 1786 652 1854 Catholicorum.

303 1892 586 1972 Extravagantcs
606 1888 643 1955 in
664 1908 792 1972 genere
815 1898 893 1956 sunt
915 1911 1055 1958 omnes
1078 1893 1332 1958 constitutiones
1350 1891 1433 1956 Pon·

392 1995 490 2060 tificis
520 1997 655 2080 summi,
687 2015 774 2082 quae
804 2015 944 2082 corpore
974 1996 1164 2060 authentico
1195 1994 1356 2060 collectae
1376 2013 1433 2056 non

389 2106 475 2164 sunt
519 2096 694 2186 Scriptura
709 2119 776 2164 non
797 2107 851 2164 est
872 2099 915 2164 da
937 2098 1125 2164 substantia
1141 2100 1431 2183 extravagantium,

365 2252 367 2257 .
388 2209 428 2267 ut
445 2200 661 2268 Glossatores
684 2201 808 2283 dicunt,
828 2201 973 2287 ideoque
995 2204 1134 2287 quaevis
1150 2203 1343 2268 constitutio
1364 2198 1431 2265 talis

387 2325 481 2371 more
499 2305 585 2390 juris
609 2307 759 2371 canonici
780 2304 955 2392 probanda
978 2313 1039 2371 est.

428 2409 582 2494 Regulae
601 2405 830 2474 Cancellariae
841 2429 908 2472 non
924 2416 1002 2474 sunt
1023 2406 1195 2473 ducendae
1207 2413 1430 2492 extravagan-

385 2519 456 2596 tes,
487 2533 562 2576 cum
574 2545 580 2558 ·
593 2511 672 2576 illae
693 2513 806 2598 potius
828 2509 931 2576 talem
952 2513 1019 2576 vim
1035 2511 1193 2594 habeant,
1216 2531 1318 2596 quam
1338 2527 1429 2595 prac-

306 2667 308 2674 .
385 2617 468 2680 toris
485 2615 640 2699 edictum,
661 2614 806 2700 ideoque
827 2615 985 2700 pontifice
1002 2613 1203 2680 succedente
1222 2613 1331 2680 denno
1349 2610 1429 2699 pub-

386 2716 540 2782 licandae
563 2725 649 2782 sunt.

428 2819 626 2888 Mandatum
664 2841 775 2908 papae
807 2821 932 2907 gaudet
967 2823 1002 2886 vi
1038 2823 1303 2888 constitutionis·
1321 2816 1429 2886 eodem

350 2933 353 2984 J
386 2923 586 3010 moda-quo
608 2927 768 3010 principis
790 2924 933 2990 Romani
954 2925 1162 3012 rescriptum.
1387 2921 1395 2933 “

428 3027 625 3093 Decisiones
647 3026 758 3092 Rotae
779 3026 953 3092 Romanae
975 3034 1010 3092 et
1038 3025 1348 3113 Congregationum
1375 3043 1428 3112 pro

317 3158 321 3167 ,
381 3131 466 3217 juris
489 3132 634 3197 varitate
654 3133 689 3196 in
711 3151 792 3196 casu
815 3129 976 3215 singulari
997 3130 1171 3196 habentur.

427 3235 461 3301 N
462 3243 538 3301 otae
560 3238 717 3300 Pronoea·
732 3239 768 3298 dc
779 3239 908 3300 Poctaia
923 3234 967 3300 ad
981 3233 1301 3320 Extravagantium,
1320 3234 1429 3318 Regu·

226 3356 230 3365 ’
325 3347 329 3353 ’
348 3363 353 3370 ’
384 3337 492 3402 larum
503 3335 733 3404 Cancellariae
748 3344 783 3404 et
799 3337 1001 3403 decisionum
1011 3337 1123 3404 Rotae
1137 3339 1300 3406 notitiam.
1323 3335 1428 3421 (Corp.

381 3441 447 3526 jur.
470 3440 572 3526 gloss.
594 3441 744 3509 Venetiis
766 3440 859 3528 apud
880 3439 1002 3507 luntas
1024 3443 1058 3508 in
1081 3437 1340 3527 extravagant.).

298 3543 469 3628 Exuvias,
492 3567 525 3612 v.
547 3544 700 3632 spolium.

840 3855 886 3950 ll.

299 4079 453 4156 Fabrica
475 4083 651 4152 ecclesiast
699 4081 700 4088 ’

350 4205 352 4214 “
382 4194 417 4256 in
447 4209 568 4276 genere
590 4194 668 4254 sunt
689 4193 874 4274 proventus
905 4185 1084 4270 ecclesiae,
1114 4187 1172 4271 qni
1202 4183 1246 4250 ad
1267 4181 1356 4250 illius
1376 4199 1426 4247 re-

316 4315 317 4322 ¹
366 4293 591 4380 ⁴'parationem
620 4299 658 4384 et
675 4291 720 4356 ad
742 4291 826 4360 alias
849 4313 903 4357 res
926 4291 1037 4356 divino
1061 4289 1164 4354 cultui
1186 4291 1425 4376 appertinentcs

322 4405 326 4422 ⁴
356 4413 359 4428 ·
384 4397 542 4465 destinati
563 4401 649 4462 sunt.
672 4417 699 4461 c
721 4399 750 4464 9.
768 4391 860 4465 ct
883 4417 937 4480 qu.
960 4395 990 4461 3.
1014 4415 1041 4461 c.
1065 4396 1093 4459 1.
1115 4395 1150 4459 in
1170 4394 1236 4461 tine
1257 4391 1307 4459 de,
1328 4387 1426 4480 privi-
