3108 5138
558 373 771 437 ..49-

100 537 288 605 Delectatio
311 561 447 606 morosa
470 549 522 608 cst
544 541 687 629 simplex
711 542 951 631 complacentia
980 545 1168 612 voluntaria
1190 547 1232 615 de

181 665 218 709 re
248 644 367 709 illicita
397 647 468 712 sine
496 647 680 712 intentione
711 650 821 733 operis
851 650 1010 736 implendi
1032 687 1073 698 -
1094 659 1236 718 nonest

182 746 386 814 desiderium
417 750 557 850 efficere:
590 749 711 816 dicitur
740 771 875 828 morosa
907 789 947 800 -
972 774 992 818 a
1013 775 1108 820 mora
1129 756 1235 841 ipsius

180 851 375 918 voluntatis.
419 854 543 918 Ferrea

100 953 289 1037 telegono.
335 955 520 1042 Delegatus
551 979 671 1024 revera
699 958 807 1044 judex
838 967 899 1026 est.
932 983 964 1028 v.
996 961 1235 1042 Reconventi0‚

179 1057 358 1126 Executio.

218 1161 417 1248 Appellatio
438 1185 505 1230 non
527 1163 572 1230 ad
594 1164 806 1252 delegantem
828 1165 889 1234 sed
912 1165 955 1231 ad
969 1167 1130 1253 majorem
1143 1167 1235 1254 judi-

182 1285 253 1330 cem
277 1265 441 1352 dirigitur.

219 1367 400 1455 Delegatio
421 1369 511 1436 sedis
534 1371 813 1458 apostolicae
845 1373 986 1460 duplicis
1018 1383 1070 1440 eet
1091 1376 1234 1460 generis,

182 1471 302 1555 altera,
326 1493 392 1558 qua
405 1473 642 1540 corroboratur
664 1474 772 1540 solum
792 1479 1030 1564 perficiturque
1054 1480 1235 1544 auctoritas

184 1578 418 1662 episcoporum
441 1576 626 1662 ordinaria,
657 1599 716 1644 seu
745 1600 813 1665 qua
842 1582 993 1666 episcopi
1022 1580 1123 1646 adid
1145 1579 1236 1646 dele-

182 1687 318 1764 gantur,
343 1680 432 1765 quod
458 1681 529 1765 jam
548 1683 613 1767 ipsi
643 1703 703 1768 per
735 1703 773 1747 se
801 1692 977 1768 praestare
1006 1693 1163 1769 possunt,
1194 1704 1236 1748 ne

182 1781 375 1848 ullomodo
403 1786 447 1848 eit
476 1783 612 1850 dubium
638 1785 823 1872 quoddam:
852 1787 977 1871 altera,
1000 1808 1068 1874 qua
1090 1790 1120 1852 ei
1143 1785 1236 1852 delc-

184 1895 264 1971 gato
307 1887 464 1952 tribuitur
507 1890 710 1972 auctoritas,
749 1911 817 1975 qua
850 1893 925 1976 ipse
966 1911 1027 1978 per
1061 1911 1099 1957 se
1132 1897 1234 1956 caret.

184 1991 339 2053 idiomate.
362 2011 388 2054 ε.
410 2011 441 2054 v.
462 1989 569 2075 deleg.
590 1993 624 2056 in
644 1993 760 2060 indice.
781 1993 822 2056 V.
841 1995 983 2079 justitia.

106 2089 299 2158 llcliciesus
320 2113 439 2160 nomen
461 2101 533 2158 erat
556 2115 596 2158 ac
617 2094 733 2161 titulus
756 2096 891 2161 honoris
914 2105 948 2161 et
970 2097 1145 2180 amicitiae,
1169 2117 1235 2181 quo

183 2199 313 2262 romani
334 2197 509 2284 pontifices
532 2219 573 2262 ac
594 2219 693 2284 reges
715 2200 940 2284 insigniebant
970 2221 1048 2264 suos
1080 2199 1236 2266 consilia-

183 2303 261 2384 rios,
283 2301 426 2387 legatos,
450 2300 562 2387 duces,
585 2305 715 2369 missos.
760 2308 913 2368 Ttomceo.
936 2302 961 2369 Ι.
982 2301 1038 2369 lib.
1060 2305 1090 2368 2.
1113 2324 1140 2370 c.
1164 2303 1234 2369 101.

184 2425 232 2468 nr.
255 2407 307 2469 16.

106 2503 327 2573 ltennnciatio
348 2509 383 2572 in
406 2527 529 2595 genere

144 2608 176 2693 a)
198 2633 240 2678 cx
259 2613 338 2697 juro
360 2612 459 2694 civili,
483 2619 536 2677 est
559 2613 671 2678 citatio
694 2611 848 2678 solennis.

144 2711 179 2797 b)
201 2735 244 2780 ex
263 2716 339 2800 jure
362 2717 537 2800 canonico,
561 2736 648 2802 quac
671 2723 723 2781 est
744 2715 800 2781 vel
823 2715 1018 2800 evangelica
1047 2715 1102 2781 vel
1131 2737 1233 2781 cano-

200 2821 291 2883 nica:
314 2819 343 2883 si
363 2817 486 2882 delicta
507 2821 574 2884 sint
603 2821 846 2902 commissa,
877 2826 912 2884 et
934 2821 1009 2904 quis
1031 2819 1232 2885 denuncians

199 2925 324 2987 crimffl
346 2921 483 2986 alterius
508 2922 664 2988 detulerit
678 2945 787 3009 neque
809 2943 911 2988 onera
933 2926 1140 2989 accusatoris
1156 2943 1234 2987 sus-

199 3027 310 3110 cipere
347 3046 448 3089 ausus
485 3026 587 3091 luerit
615 3060 657 3073 —-
691 3034 744 3091 eet
781 3025 991 3091 denunciatio
1029 3025 1235 3110 evangelica.

199 3127 277 3192 Alia
300 3135 432 3214 spectat
455 3129 499 3192 ad
522 3128 642 3194 delicta
670 3130 991 3213 committenda,
1015 3131 1044 3194 si
1066 3131 1140 3214 quis
1162 3127 1234 3192 vult

198 3251 341 3315 peecare
363 3239 397 3295 et
421 3232 467 3296 ibi
501 3235 635 3298 retineri
657 3233 773 3317 debet,
801 3232 990 3318 appellatur
1023 3231 1232 3298 denunciatio

199 3337 368 3419 canonica,
391 3343 424 3401 et
446 3338 493 3400 sic
506 3341 615 3421 patet,
639 3336 729 3421 quod
752 3337 887 3401 crimina
909 3336 1055 3401 nondum
1077 3336 1233 3400 commis-

198 3458 236 3502 sa
265 3460 442 3525 possumus
473 3439 681 3508 denunciare.
727 3439 842 3526 glossa
875 3439 922 3504 ad
944 3461 971 3504 c.
995 3441 1024 3504 8.
1050 3437 1086 3505 Ο.
1110 3437 1231 3504 XXII.

201 3563 255 3626 qu.
277 3542 306 3606 5.

109 3637 326 3711 denunciatio
355 3649 553 3712 matrimonii
581 3653 658 3712 eunt
686 3645 965 3734 proclamationes
996 3667 1056 3713 seu
1077 3645 1232 3712 notifica-

183 3753 289 3817 tiones
312 3751 353 3817 de
373 3752 581 3814 matrimonio
605 3749 745 3815 duorum
765 3753 850 3816 inter
874 3772 910 3817 se
933 3749 1167 3816 contrahendo.

109 3846 276 3933 Depositio
299 3875 331 3918 v.
354 3853 563 3939 degradatio,
585 3856 730 3940 privatio
743 3855 786 3918 ab
803 3854 923 3919 officio.

109 3949 278 4037 Repositis
300 3961 320 4022 i.
343 3977 370 4023 e.
393 3958 594 4023 testificatio.
639 3935 793 4020 Brcacotl
814 3978 840 4021 ε.
861 3958 892 4020 h.
915 3979 945 4021 v.

109 4051 295 4143 lleportus,
321 4063 378 4148 jus
409 4061 527 4127 caduci
548 4063 581 4126 in
610 4059 780 4126 beneficiis
812 4061 1063 4133 ecelesiasticis,
1095 4057 1231 4146 quando

183 4173 321 4250 vacant,
345 4165 436 4251 quod
466 4163 510 4230 ad
540 4165 734 4249 episcopum
764 4171 903 4250 spectat
947 4166 1094 4228 Hemetet
1115 4182 1169 4249 ap.
1191 4164 1233 4224 da

183 4269 307 4334 fresae:
330 4272 476 4332 Louriane
496 4289 522 4335 ε.
544 4289 576 4334 v.
598 4266 726 4352 deport.
749 4273 783 4331 et
798 4271 983 4332 ttomaastn.

109 4361 343 4440 derivationes
361 4375 496 4459 spuriae
519 4393 546 4440 e.
569 4393 600 4457 g.
624 4369 834 4454 sacrilegium
856 4392 878 4436 a
891 4369 1108 4466 sacrilaedio:
1129 4388 1232 4434 usura

1107 4475 1129 4538 4
