3088 5140
746 377 981 447 ..204..¹

296 555 341 624 ad
361 557 533 624 literarum
561 553 672 624 studia
700 555 859 642 imprimis
888 551 1014 640 adjus
1044 551 1248 622 canonicum
1275 553 1430 640 pertinet,

297 660 409 746 colligi
430 679 542 748 posse,
565 658 625 727 sed
646 655 681 723 id
703 661 851 745 potius
874 659 1000 745 quaeri,
1023 665 1061 724 ut
1083 655 1243 723 nobilium
1265 664 1374 724 status
1396 667 1431 725 et

296 763 455 830 honestas
484 765 574 830 vitae
610 765 697 828 iuter
726 759 895 828 studiosos
924 759 1169 847 quodammodo
1204 769 1430 844 conservetur,

296 869 457 932 neminem
479 867 576 952 thgit.

382 968 461 1036 Jam
489 967 531 1036 dc
561 967 780 1056 dignitatibus
810 975 845 1035 ot
874 967 1056 1036 honoribus
1087 967 1288 1037 academicis
1321 971 1432 1056 iisque
1518 983 1519 990 ³

297 1072 505 1140 conferendis
527 1071 683 1142 nonnulla
705 1073 893 1138 afferamus.

383 1174 548 1260 Theologi
569 1175 613 1241 ab
635 1177 726 1242 initio
748 1175 883 1242 fuerunt
904 1177 1057 1260 magistri
1078 1177 1111 1240 in
1134 1175 1281 1260 artibus,
1311 1183 1432 1262 postca

295 1285 493 1366 receperunt
514 1277 645 1348 titulum
667 1277 813 1344 doctoris
836 1276 1060 1344 decretorum:
1088 1279 1223 1364 majoris
1254 1299 1336 1344 vero
1359 1299 1433 1342 mo·

115 1371 122 1380 '
180 1425 184 1432 -
295 1385 397 1448 menti
424 1382 459 1448 id
481 1389 544 1465 est,
566 1381 656 1468 quod
678 1381 804 1448 Rector
825 1381 1063 1448 Universitatis
1093 1403 1111 1449 e
1134 1384 1305 1467 magistris
1328 1381 1434 1466 elige-

295 1487 410 1552 batur:
431 1483 574 1570 ideoque
596 1483 713 1552 doctor
735 1483 944 1552 decretorum
965 1483 1055 1550 nullo
1078 1483 1178 1551 modo
1200 1505 1245 1551 ex
1266 1483 1333 1549 bac
1356 1485 1434 1569 dig-

295 1593 410 1672 nitate,
433 1586 494 1654 sed
515 1594 644 1654 tantum
665 1590 695 1652 si
716 1589 877 1672 magister
898 1589 933 1654 in
954 1588 1082 1654 artibus
1105 1588 1202 1653 simul
1222 1591 1348 1670 extitit,
1372 1583 1434 1651 ad-

295 1691 500 1758 mittebatur.
542 1691 615 1757 Nec
636 1693 743 1756 minus
766 1689 912 1758 medicus
936 1699 1011 1757 erat
1040 1693 1202 1777 magister
1227 1693 1262 1756 in
1292 1692 1434 1772 artibus,

298 1797 478 1880 variasque
508 1796 598 1860 vices
629 1795 756 1859 atleta
779 1815 845 1860 non
866 1801 936 1860 tam
959 1793 1084 1861 alibro
1106 1799 1313 1857 deterruerant
1333 1793 1435 1858 valde

299 1896 468 1964 celebrato
491 1896 533 1962 de
556 1897 672 1962 schola
701 1893 930 1978 Salernitana,
961 1917 1060 1983 quam
1090 1918 1133 1964 ax
1162 1900 1300 1985 egregio
1332 1917 1434 1983 opere

297 2005 409 2063 Belaci
429 1998 472 2064 de
494 1999 723 2065 Universitate
744 2000 927 2065 Parisicnsi
949 2019 1152 2084 cognoscere
1173 2001 1261 2065 licet
1291 1999 1433 2086 Legista
1522 2065 1523 2070 ,

295 2125 361 2170 non
397 2123 474 2167 raro
506 2102 703 2188 dignitatem
728 2123 822 2167 suam
851 2103 1021 2168 referebat
1049 2101 1093 2167 ad
1122 2103 1370 2168 Bononiensem
1403 2111 1435 2168 et

296 2205 569 2274 Aurelianensem
590 2205 861 2272 Universitatcm.
904 2205 1007 2294 Apud
1021 2205 1297 2272 Ultramontanos
1322 2213 1357 2272 et
1378 2204 1435 2270 Ci-

298 2317 526 2376 tramontanos
550 2313 725 2396 utriusque
742 2312 829 2396 juris
853 2309 1006 2377 doctores
1029 2312 1058 2375 si
1080 2316 1175 2374 erant
1202 2309 1289 2386 laici,
1313 2309 1435 2375 distin·

295 2411 483 2496 guebantur
506 2433 526 2477 a
547 2415 730 2497 magistris,
754 2412 798 2476 ad
829 2431 913 2498 quoa
943 2411 1056 2478 clerici
1085 2419 1245 2498 tanquam
1275 2411 1433 2479 doctores
1523 2475 1524 2498 ,

295 2515 503 2581 decretorum
525 2518 719 2602 saepissime
741 2515 961 2602 pertinebant

384 2634 483 2712 Quod
504 2656 586 2700 vero
610 2632 728 2700 Sarti
750 2643 887 2720 praeter
911 2643 1040 2722 septem
1063 2643 1154 2700 artes
1184 2635 1433 2722 philosophiam

296 2757 428 2824 quoque
443 2745 595 2803 recenset
605 2739 773 2824 prioribus
789 2737 930 2803 saeculis
945 2745 1105 2823 tanquam
1120 2741 1292 2824 proprium
1305 2739 1434 2806 doctri-

294 2862 358 2905 nae
381 2859 497 2924 genus,
519 2839 641 2905 falsum
663 2841 805 2923 videtur,
828 2863 900 2906 cum
922 2839 1135 2926 philosophia
1158 2841 1202 2904 ad
1232 2848 1323 2906 artes
1353 2837 1433 2928 per*-

294 2947 430 3008 tineret:
459 2943 493 3008 id
529 2963 691 3030 expresse
710 2944 853 3010 'indicat
881 2947 1017 3006 Bulaeus
1046 2963 1236 3029 exponens,
1270 2943 1433 3010 lectiones

293 3048 487 3112 literaturae
511 3045 665 3113 Graecae
694 3047 738 3111 ad
768 3049 1019 3132 grammaticam
1048 3055 1220 3133 spectare,
1251 3067 1362 3132 neque
1393 3048 1432 3112 de

294 3150 523 3236 metaphysica
546 3158 580 3215 ct
602 3149 813 3236 philosophia
835 3150 981 3215 naturali
999 3157 1157 3215 tractare.

380 3251 599 3338 Philosophia
612 3256 688 3338 ipsa
711 3259 784 3318 erat
805 3273 885 3339 pars
898 3253 1082 3319 dialectica.
1107 3258 1241 3316 Balacro
1254 3253 1379 3320 lib.III.
1393 3255 1432 3319 82

294 3357 379 3420 haec
394 3355 540 3442 profert:
564 3355 699 3440 „legant
721 3355 825 3420 libros
848 3355 1041 3420 Aristotelis
1064 3355 1107 3422 de
1128 3355 1315 3436 dialectica,
1348 3355 1432 3422 duos

250 3493 251 3501 κ
295 3459 512 3541 Priscianus,
533 3457 649 3542 legant
678 3457 895 3546 philosophos
928 3465 962 3523 et
990 3459 1191 3541 Rhetorica,
1219 3459 1432 3547 quadrivilia,

199 3593 204 3603 ·
294 3561 539 3626 barbarismum
562 3570 596 3626 et
618 3561 771 3645 ethicam,
795 3569 951 3648 quartam
972 3565 1175 3649 topicorum:
1203 3583 1283 3628 non
1311 3563 1433 3648 legan-

296 3672 350 3728 tur
372 3663 450 3728 libri
471 3663 666 3729 Aristotelis
690 3663 732 3730 de
754 3666 984 3751 metaphysica
1000 3673 1033 3731 et
1043 3665 1186 3732 naturali
1202 3665 1429 3752 philosophia,

294 3787 355 3833 nec
378 3787 505 3832 summa
527 3765 568 3830 de
601 3765 725 3832 eisdem
754 3769 798 3832 M.
822 3769 934 3833 David
963 3768 1005 3834 de
1029 3767 1146 3835 dinant
1183 3778 1241 3835 aut
1269 3769 1433 3836 Almerici

294 3871 454 3936 haeretici
477 3877 535 3933 aut
556 3871 704 3935 Mauritii
725 3869 975 3956 Hispanici.“*)

380 3971 420 4037 In
441 3971 725 4039 Universitatibus
748 3973 1001 4040 ultramontanis
1031 3977 1124 4041 initio
1147 3974 1287 4061 legistae
1311 3973 1433 4042 docto-

364 4281 395 4348 *)
413 4283 566 4336 Bulaeus
583 4285 634 4340 111.
652 4286 693 4339 82.
711 4287 753 4340 'lu
771 4288 824 4341 vid
840 4289 1000 4356 catalogum
1010 4289 1142 4341 librorum
1155 4291 1182 4339 in
1196 4285 1276 4340 Univ.
1292 4288 1429 4358 Pragensi

295 4371 369 4440 apud
385 4370 460 4440 vogt
476 4371 493 4424 l.
510 4373 528 4424 1.
546 4387 607 4439 pag.
627 4374 667 4425 98.
