3088 5140
562 388 798 466 -185-

203 585 285 635 vere
308 562 489 652 obligatur,
513 563 573 632 sed
595 565 763 652 accipiens
786 563 914 632 solutas
937 563 1009 630 sine
1032 581 1135 632 causa
1156 567 1256 630 tenet.

274 667 563 734 comum

246 771 321 837 Nec
341 771 495 858 agnoscit
513 771 569 858 jue
593 769 796 838 Canonioum
824 769 906 838 illud
935 771 1106 855 negotium
1132 770 1256 836 nostris

205 875 412 962 temporibus
450 894 550 961 quam
578 876 723 938 maxime
756 875 915 940 usitatum
943 905 985 922 -
1013 873 1256 956 interusurium,

204 979 522 1064 repraesentationis
544 976 750 1046 commodum
772 977 827 1044 vel
849 975 1011 1044 disconto.

105 1079 291 1148 Utenellia
312 1113 354 1130 -
376 1100 438 1167 pro
461 1083 564 1148 missa
585 1080 789 1167 quotidiana.

664 1407 712 1503 V.

111 1709 271 1774 Vocare.
315 1704 457 1773 Vacatio
479 1725 510 1770 v.
533 1702 678 1788 collatio,
700 1707 857 1793 provisio.

110 1811 274 1878 Vedium
295 1832 327 1876 v.
348 1812 469 1897 pignua
493 1843 535 1858 ·-
557 1808 729 1895 fidejussio
752 1843 793 1856 --
816 1807 951 1894 gadium
974 1843 1015 1860 -
1038 1830 1134 1896 gage.

115 1914 278 1981 Vedium
299 1921 507 1980 mortuum
530 1921 582 1979 est
603 1911 794 2000 hypotheca
817 1907 981 1981 'creditori
1008 1916 1057 1978 ita
1087 1916 1256 2001 oppigno-

204 2026 292 2101 rata,
314 2023 353 2082 ut
372 2016 502 2081 fructus
526 2036 640 2081 omnes
662 2015 745 2080 fiant
765 2015 957 2096 creditoris,
982 2022 1055 2082 erat
1078 2015 1257 2084 dominium

202 2118 390 2186 revocabile
413 2127 446 2186 et
460 2119 703 2202 revertebatur,
725 2122 755 2184 si
778 2117 925 2184 debitum
944 2119 1089 2184 solutum
1110 2127 1201 2200 erat;
1222 2123 1257 2184 in

203 2227 279 2312 ipso
301 2224 436 2290 fuerunt
456 2243 579 2288 usurae
600 2225 704 2288 tacite
721 2223 799 2307 jure
822 2220 990 2288 Canonico
1006 2243 1187 2290 concessae
1207 2257 1249 2270 -

207 2347 247 2399 ec
270 2325 379 2410 modo,
403 2346 469 2412 quc
492 2332 565 2391 erat
584 2326 712 2411 injure
733 2324 886 2390 Romano
910 2324 1116 2391 antichresis.

118 2428 277 2496 Vaelium
298 2432 452 2513 vivum,
481 2428 571 2516 quod
599 2448 767 2516 nunquam
798 2430 934 2494 moritur
957 2449 1000 2494 ex
1023 2427 1136 2516 aliqua
1158 2437 1256 2515 parte

205 2541 239 2600 et
262 2553 307 2598 cx
326 2535 395 2600 suis
417 2532 636 2618 proventibus
659 2533 861 2617 acquiritnr3
884 2537 956 2597 erat
984 2530 1156 2618 fidejussio
1185 2553 1255 2597 re-

204 2658 293 2702 rum
316 2645 351 2704 et
372 2635 552 2722 obligati03
574 2635 736 2702 formulae
757 2635 942 2702 servandae
971 2642 1083 2718 erant,
1114 2637 1256 2722 quaein

208 2738 392 2806 alienandis
414 2737 526 2804 fundis
546 2741 779 2826 praescriptae
811 2746 954 2804 sunt-
976 2758 1095 2825 nempe
1115 2740 1255 2806 investi-

202 2850 300 2908 turae
321 2838 376 2906 vel
398 2841 538 2908 aliarum
561 2843 761 2909 cautionum.

113 2943 381 3030 Vogipalantes.
424 2946 578 3008 Barcaeo.
599 2947 690 3026 Pap,
712 2942 769 3010 lib.
793 2945 821 3010 1.
842 2946 892 3011 tit
905 2945 955 3010 14.

113 3050 242 3131 Vagus
264 3079 306 3095 —
335 3045 572 3132 vagabundus,
600 3050 658 3132 qui
687 3053 812 3112 certam
841 3053 876 3112 et
905 3053 1113 3112 constantem
1142 3045 1255 3114 sedem

202 3149 417 3216 habitationis
439 3149 555 3215 nullibi
573 3149 685 3216 habet.

116 3255 222 3319 Vana
243 3252 368 3336 gloria,
390 3255 411 3318 i.
434 3273 462 3320 e.
481 3253 647 3340 superbia.

113 3358 220 3422 Vana
243 3355 468 3438 observantia,
490 3357 510 3420 i.
532 3375 559 3420 e.
583 3356 787 3443 superstitio.
808 3356 932 3420 Ferrea

116 3459 228 3524 Vates
251 3479 271 3524 a
293 3459 328 3522 vi
349 3459 469 3524 mentis
492 3457 682 3544 appellatus
703 3465 771 3542 est,
796 3458 890 3546 cujus
920 3458 1121 3544 significatio
1142 3457 1256 3524 multi-

203 3561 285 3648 plex
308 3568 369 3643 est,
391 3581 469 3626 nam
491 3560 590 3628 modo
613 3561 822 3626 sacerdotem
844 3561 942 3628 modo
959 3560 1161 3648 prophetam
1183 3564 1256 3647 sig·

201 3664 317 3728 nificat
337 3661 436 3728 modo
458 3670 602 3748 poetam.

271 3787 297 3830 c.
322 3767 350 3829 1.
374 3762 402 3849 ἓ.
425 3768 454 3830 9.
478 3765 553 3832 dist.
577 3767 627 3832 21.

116 3869 290 3936 Velamen
312 3889 445 3934 sacrum
467 3901 508 3916 -·
531 3872 662 3936 minime
689 3873 878 3958 imponatur
900 3873 934 3936 in
957 3869 1159 3958 quibusdam
1182 3869 1256 3939 die·

202 3972 266 4039 bus
287 3972 428 4038 festivis.
452 3993 479 4036 o.
503 3973 553 4038 11.
576 3971 613 4038 0.
635 3971 756 4040 XXII.
780 3995 834 4060 qu.
859 3975 887 4040 1.

112 4073 242 4142 Veneti
262 4081 499 4161 expugnarunt
519 4074 654 4141 ladera:
689 4078 709 4139 i.
734 4097 760 4143 e.
782 4076 924 4144 insulam
953 4075 1057 4144 Lade.
1087 4097 1115 4144 c.
1136 4077 1190 4146 34.
1212 4076 1255 4146 do

201 4185 282 4244 sent
302 4197 463 4244 excomm.
485 4177 527 4244 V.
550 4181 579 4244 9.
623 4181 752 4242 saaca
773 4179 859 4246 Lex.
881 4182 944 4248 sub
966 4201 1049 4248 voce
1072 4180 1217 4266 „aanor
1239 4185 1252 4266 t

110 4282 248 4350 Venter
270 4282 403 4368 pinguis
427 4300 577 4351 crassum
599 4302 734 4350 sensnm
757 4287 925 4370 generat}

272 4405 299 4450 o.
322 4386 371 4450 12.
396 4383 472 4451 dist.
493 4387 545 4450 44.
