3080 5150
751 373 986 443 -120-

451 555 561 615 Bcned.
585 533 682 617 XIV.
705 555 809 616 const
832 549 876 616 ab
898 569 939 617 eo
959 557 1112 638 tempore
1133 546 1162 636 δ.
1183 549 1235 614 11.

424 655 594 722 Mercatus
617 663 695 722 sunt
716 652 759 720 de
780 653 882 720 rebus
912 653 1104 738 minoribus,
1134 659 1169 720 et
1186 652 1327 740 singulis
1352 653 1445 721 lieb-
1520 687 1521 706 .

382 757 571 824 domatibus
594 777 615 822 e
637 759 754 823 vicinis
775 757 867 824 fiunt.
888 756 916 842 6.
937 757 988 824 16.

424 861 469 926 Η6
490 859 711 948 prohibentur
732 860 807 926 fieri
829 859 947 926 diebus
970 860 1112 927 festis.

295 963 388 1030 bleta
410 962 532 1029 dicitur
554 983 574 1028 a
596 965 725 1048 metior,
749 969 783 1029 et
805 970 857 1030 est
877 963 953 1030 finis
976 969 1010 1030 et
1024 965 1185 1056 terminus
1200 965 1274 1049 agri
1295 962 1355 1030 vel
1381 984 1444 1030 cu-

377 1068 577 1153 juscumque
597 1067 662 1132 rei:
692 1067 876 1153 reperimus
898 1072 1004 1149 meto,
1034 1067 1151 1151 metis,
1180 1065 1270 1153 quod
1299 1069 1445 1153 ponitur

381 1190 443 1258 pro
467 1169 666 1236 collectione
685 1171 840 1236 messium
862 1203 904 1217 -
927 1168 1006 1234 dum
1034 1175 1092 1234 tue
1114 1189 1193 1234 rura
1220 1171 1329 1254 metis,
1353 1171 1445 1235 vici-

381 1275 433 1338 nis
455 1273 585 1359 parcite
606 1273 712 1338 metis.
736 1271 780 1358 gl
802 1273 847 1338 ad
869 1270 1030 1339 Clement
1054 1273 1082 1352 1.
1104 1271 1146 1338 V.
1167 1273 1198 1338 3.

296 1375 448 1443 lletetus
470 1381 529 1439 eut
551 1375 643 1460 gistii
664 1373 860 1466 intelligitur
881 1377 957 1462 ipss
971 1374 1195 1463 hospitalitas,
1218 1395 1285 1462 qua
1296 1394 1444 1442 necesse

383 1487 457 1544 erat
479 1479 589 1565 excipi
611 1497 652 1543 ac
665 1481 839 1564 procurari
860 1499 921 1544 seu
931 1481 1050 1544 nutriri
1065 1477 1109 1544 ab
1125 1481 1303 1566 episcopis,
1326 1478 1445 1545 abba·
1522 1561 1523 1566 ἵ

381 1581 470 1648 tibus
493 1580 618 1670 Reges,
642 1580 804 1670 officiales
826 1581 1006 1669 palatinos,
1028 1581 1172 1668 legatos.

453 1688 605 1750 neaman.
628 1705 654 1750 s.
676 1705 707 1748 v.
730 1691 885 1750 motetus.

297 1786 566 1872 lletcpcscopie
589 1793 641 1854 est
664 1789 859 1874 superstitio
880 1808 912 1852 v.
934 1789 1084 1854 Ferraria

298 1891 393 1957 lietu
415 1897 609 1956 contrectes
632 1890 854 1980 obligationes
871 1891 949 1978 jure
970 1897 1112 1978 naturae
1133 1890 1350 1984 0666001166,
1374 1913 1444 1958 non

385 2003 448 2078 cst,
471 1993 563 2080 quod
581 1993 759 2060 dubitetur.
788 1997 899 2078 Repete,
913 1977 1197 2080 Goncidengesoh.
1218 1991 1298 2080 tII,
1319 2015 1353 2081 p.
1368 1995 1443 2060 614.
1523 1983 1524 2006 ¹

300 2095 531 2179 lliorclogus.
553 2099 700 2178 iterabit-t,
720 2117 836 2162 canon.
857 2095 978 2163 Recht.
999 2119 1032 2184 p.
1054 2097 1127 2163 653.
1194 2089 1195 2096 '

298 2197 421 2266 lllilitie
442 2199 533 2286 apud
556 2201 696 2263 Ferraria
717 2219 744 2265 s.
766 2199 798 2264 h.
820 2219 847 2264 s.
890 2198 1032 2287 Equites
1063 2198 1154 2286 apud
1184 2203 1335 2264 stemma.
1360 2221 1389 2266 s.
1413 2222 1444 2265 v.

385 2306 523 2390 equites.

297 2401 438 2474 tillieto:
461 2427 500 2472 eo
513 2409 644 2473 nomine
656 2404 831 2473 Officiales
843 2405 961 2472 domus
973 2410 1129 2487 deponar
1139 2407 1323 2492 significari
1338 2405 1445 2472 docet
1524 2429 1525 2454 1

384 2516 425 2572 du
448 2511 573 2574 Ferme:
595 2545 637 2556 -
660 2509 782 2574 milites
804 2507 977 2588 inlinere,
1000 2511 1058 2596 qui
1069 2511 1211 2596 principi
1232 2511 1266 2574 in
1288 2509 1445 2596 quelibet
1524 2505 1525 2510 ’

386 2613 548 2698 dignitate
569 2612 719 2699 palatina
747 2612 802 2679 vel
824 2610 913 2678 civili
941 2611 997 2678 vel
1018 2611 1153 2677 militari
1181 2611 1377 2679 serviebant
1401 2647 1444 2660 -

301 2715 305 2724 ’
385 2715 567 2802 appellatio
589 2714 703 2780 militis
726 2714 791 2783 hoc
813 2734 915 2780 sensu
934 2718 969 2779 in
991 2715 1115 2782 chartis
1134 2712 1445 2801 Anglo-Sexonum

389 2821 432 2885 ab
456 2840 542 2884 6000
575 2819 648 2884 806.
671 2827 706 2886 et
728 2817 885 2906 deinceps
906 2821 1082 2906 reperitur,
1105 2821 1155 2883 uti
1183 2825 1329 2886 testatur
1372 2821 1444 2882 Set·
1525 2885 1526 2912 χ

382 2927 502 2986 clectus.
560 2926 562 2934 '
635 2947 638 2952 ·

298 3024 459 3093 Minister
480 3023 696 3092 sacrementi
717 3047 795 3090 num
816 3024 861 3090 ad
882 3025 1116 3092 solennitatem
1137 3026 1338 3092 matrimonii
1360 3046 1444 3113 per-

382 3129 510 3194 tineat?
647 3130 649 3134 ’
1004 3151 1011 3158 ·
1099 3133 1101 3138 '

455 3237 607 3298 Benedici.
629 3231 726 3300 XIV.
750 3233 780 3297 d.
804 3253 830 3298 s.
853 3231 885 3300 d.
903 3231 960 3298 lib.
984 3234 1013 3298 8.
1036 3254 1063 3298 c.
1087 3232 1137 3299 13.

298 3335 532 3404 lllinisterium
556 3336 815 3402 ecclesiasticum
844 3336 935 3422 opud
965 3333 1159 3402 Catholicos
1191 3335 1309 3402 officiis
1342 3336 1443 3402 cleri-

387 3462 501 3507 corum
519 3440 682 3525 inhaeret,
705 3439 879 3527 suppletur
900 3438 1139 3506 monachorum
1162 3436 1443 3525 contemplatione

387 3545 621 3633 operibusque.

301 3647 535 3714 llirnculum:
558 3647 706 3713 definitio
727 3650 761 3711 in
783 3647 906 3733 glossis
930 3653 965 3713 et
986 3649 1021 3710 in
1043 3647 1170 3710 Ferrari
1190 3645 1270 3713 bibl

300 3750 433 3822 ltlisse:
454 3752 543 3816 unde
563 3750 763 3832 vocabulum
786 3748 975 3815 descendit:
996 3747 1073 3814 Vid.

433 3859 570 3918 Roschirt
588 3853 644 3939 jus
668 3855 861 3918 canonicum
883 3875 914 3917 v.
935 3851 1054 3920 Index.
1098 3855 1217 3935 Repete,
1248 3850 1441 3918 Concilion-

430 3957 635 4026 Geschichte
657 3957 700 4024 H.
722 3979 754 4044 p.
777 3958 849 4022 614.
893 3957 1072 4023 Decretum
1102 3954 1258 4023 Gratiani
1285 3954 1327 4021 do
1358 3977 1442 4023 con-

430 4083 514 4128 secr.
537 4062 612 4128 dist.
637 4065 665 4128 1.

387 4165 440 4232 De
462 4185 499 4230 re
520 4168 595 4251 ipse
616 4164 701 4230 baec
724 4165 883 4232 observes
906 4185 1043 4252 quaeso.

470 4267 829 4355 „Praerequisite
857 4267 901 4332 ed
935 4271 1058 4335 missae
1088 4267 1302 4350 sacrificium,
1332 4264 1440 4348 locus,

427 4371 543 4462 altare,
557 4393 751 4442 vasesecra
777 4368 971 4465 aoprimum
988 4373 1030 4441 do
1053 4369 1221 4439 061666-
1244 4377 1357 4439 vestes
1382 4391 1441 4437 66-
