3088 5140
385 413 759 500 g—ret-

79 587 255 672 tinebetur,
281 596 316 654 ct
331 573 430 675 'qnod
452 589 496 652 ad
516 609 587 654 rem
602 589 776 675 physicam
798 596 832 655 et
848 588 1069 675 chirurgieam
1083 591 1214 674 attinet,

80 694 124 756 uti
152 699 224 756 tum
253 713 310 758 res
340 689 545 757 medicinalis
577 690 827 778 appellabatur,
858 690 996 757 multum
1021 693 1093 778 Jam
1122 695 1217 758 eain
1279 685 1281 690 X

81 794 312 860 Universitste
337 784 520 860 parisiensi
547 794 774 878 tractabatur,
797 803 835 860 ut
856 797 991 858 Baiocas
1013 803 1046 861 et
1069 800 1218 876 Poaqata

81 897 285 962 celeberrimi
305 898 404 984 hujus
427 897 662 964 Universitatis
686 901 878 984 scriptores,
901 905 1078 965 testantur.
1106 899 1218 966 Medi-

83 1021 135 1066 cos
155 1001 198 1065 ad
220 1003 362 1067 antistas
383 1004 594 1088 pertinuisse,
617 1004 717 1068 etiam
740 1001 832 1068 Serti
853 1002 896 1068 de
918 1002 1069 1068 Bononia
1088 1001 1218 1089 eloqui·

82 1113 142 1188 tur,
165 1107 276 1170 serius
299 1108 428 1170 demum
450 1103 597 1172 doctoris
627 1107 771 1172 honores
800 1105 875 1172 illos
906 1108 1075 1193 accepisse
1098 1125 1218 1174 conee-

84 1207 213 1293 denssti)
260 1209 314 1276 Dc
335 1208 466 1296 legistis
487 1231 595 1296 neque
616 1213 650 1274 in
672 1209 900 1278 Universitate
921 1211 1088 1296 Pragensi
1109 1227 1218 1296 neque

83 1313 114 1372 in
134 1309 320 1378 Parisiensi
340 1309 398 1378 illo
420 1319 572 1399 tempore
595 1314 700 1379 verba
721 1315 814 1378 lecte
836 1321 921 1379 sunt.

127 1475 136 1481 .
163 1414 203 1480 In
221 1415 301 1500 jure·
323 1415 461 1500 regendi
482 1401 664 1502 Pragensis
694 1415 905 1483 Universitas
929 1416 1046 1483 eadem
1067 1419 1220 1483 instituta

87 1517 278 1604 accipiebat,
301 1539 388 1604 quae
409 1519 559 1601 Parisiis,
582 1519 639 1584 ubi
658 1517 801 1586 Carolus
823 1517 881 1584 IV.
904 1523 977 1606 ipse
993 1519 1111 1586 studiis
1136 1539 1219 1608 ope-

86 1639 151 1684 ram
173 1619 392 1706 dederat,**)
415 1622 645 1688 obtinuerunt:
674 1625 790 1709 itaque
818 1625 971 1708 magistri
993 1629 1027 1688 et
1048 1623 1218 1690 scholares

86 1726 116 1788 in
125 1741 223 1788 unam
238 1723 504 1790 Universitatem
520 1731 623 1812 atque
632 1725 870 1810 jurisdictionis
885 1733 1056 1812 potestate
1069 1730 1104 1792 in
1119 1747 1219 1794 unam

87 1846 150 1890 rem
171 1826 347 1913 publicam.
364 1831 507 1892 omnium
530 1830 651 1893 civimn
681 1830 876 1915 civitatique
906 1847 1112 1898 annexorum
1139 1851 1219 1900 eon-

86 1930 186 2012 jnncti
208 1928 399 2014 eranam)
422 1931 557 2014 Rector,
579 1933 660 1996 utin
671 1931 854 1998 Parisiensi
870 1951 898 2016 e,
914 1933 1086 2019 magistris
1108 1953 1220 2002 sums-

88 2032 189 2099 batur.
233 2032 474 2100 Universltatis
497 2053 551 2100 res
579 2042 736 2102 externas
758 2034 913 2122 politicas
933 2041 968 2101 et
990 2039 1219 2105 oeconomicas

91 2135 241 2222 curabat,
267 2125 440 2224 ordinique
468 2137 655 2204 licentiatus
688 2136 897 2225 impetrando
927 2147 1084 2226 praeerat
1108 2139 1220 2206 Oan-

92 2231 316 2322 cellerius,
349 2240 545 2328 plerumque
576 2241 858 2328 Archiepiscopus
888 2241 1071 2329 Pragensis
1101 2242 1178 2310 inde
1200 2265 1221 2308 a

93 2339 267 2409 Clementis
289 2339 347 2408 VI.
368 2345 583 2446 temporibus.
1064 2333 1067 2340 “

172 2445 273 2526 Quod
295 2445 493 2512 admodum
515 2447 649 2512 vivendi
670 2449 799 2531 attinet,
823 2451 977 2533 magistri
999 2455 1033 2514 et
1051 2449 1220 2517 scholares

92 2553 266 2638 praecipue
287 2553 321 2614 in
343 2551 442 2616 rebus
470 2550 688 2616 familiaribus
719 2569 780 2636 per
809 2553 961 2616 nationes
993 2551 1090 2618 divisi
1113 2561 1220 2637 erant,

94 2659 228 2736 quatuor
251 2656 286 2718 in
304 2652 469 2738 Pragensi
492 2661 525 2720 et
547 2651 752 2742 Viennensig
766 2657 800 2719 in
822 2653 1113 2740 Heidelbergensi,
1136 2676 1220 2742 quas

93 2756 210 2822 institui
230 2753 383 2822 voluerat
403 2756 585 2843 Rupertus,
607 2776 668 2824 eae
689 2777 857 2844 nunquam
878 2757 985 2822 lucem
1008 2755 1171 2824 viderunt.

68 2913 72 2919 ,
170 2859 240 2926 Vix
262 2859 330 2927 ulla
348 2880 410 2946 per
434 2859 648 2927 Germaniam
669 2865 835 2948 reperitur
857 2861 982 2946 schola,
1004 2865 1038 2928 in
1054 2865 1121 2951 'qua
1136 2881 1221 2948 quas

94 2962 188 3049 vices,
212 2985 300 3051 quae
321 2963 395 3028 iata
416 2983 520 3050 passe
541 2967 607 3030 sint
637 2963 809 3033 doctrinae
831 2965 960 3047 studia,
991 2965 1107 3032 melius
1137 2983 1222 3052 eog-

94 3085 224 3134 noseere
247 3069 424 3153 possimus,
448 3088 547 3153 quam
562 3069 596 3131 in
610 3066 837 3134 Universitate
851 3067 1139 3154 Heidelbergensi,
1161 3088 1223 3134 nse

95 3170 203 3234 mirum
215 3168 294 3235 inde
316 3189 424 3255 neque
445 3169 600 3237 fortunae
615 3171 707 3234 casui
721 3169 942 3253 tribuendum,
965 3169 1056 3256 quod
1072 3171 1221 3237 omnibus

94 3273 292 3358 temporibus
315 3272 517 3339 Academiae
529 3269 825 3357 Heidelbergensis
847 3279 942 3338 tanta
962 3273 1027 3339 fuit
1047 3276 1099 3339 vis
1123 3282 1223 3359 atquc

97 3378 288 3448 auctoritas:
319 3377 443 3463 optime
471 3375 507 3440 id
536 3378 702 3461 cognosci¹
724 3377 849 3462 poterit
878 3395 922 3442 sx
951 3375 1223 3448 documentorum

97 3480 186 3562 eopia
222 3477 332 3544 adhuc
368 3481 551 3566 superstite
590 3497 786 3564 omnemque
814 3479 1020 3548 Academias
1049 3480 1223 3550 historiam

98 3582 208 3648 eximie
229 3580 427 3648 illustrante

98 3767 294 3785 “m

160 3887 190 3959 a)
208 3897 250 3948 De
268 3895 348 3948 claris
365 3896 541 3962 Archigymn.
558 3895 661 3948 Bonan.
678 3897 879 3966 professoribus
895 3897 917 3950 1.
934 3911 993 3965 pag.
1011 3900 1068 3950 aas.

72 4007 77 4014 ν
145 3975 193 4046 ll)
211 3983 303 4034 Vitam
330 3982 422 4035 Caroli
444 3982 492 4033 IV.
520 3988 546 4034 et
573 3983 683 4047 quidem
706 3985 853 4036 literariam
877 3983 1022 4051 descripsit
1044 3985 1163 4036 ,loannes
1188 3982 1224 4035 ΙΙ

100 4061 324 4136 Archiepiscopus
342 4068 488 4134 Pragensis
505 4072 532 4120 in
557 4074 621 4120 orat
639 4069 730 4122 funeb.
754 4075 818 4136 post
841 4075 954 4121 mortem
978 4069 1070 4122 Caroli
1085 4065 1133 4122 tv.
1151 4065 1225 4137 apud

99 4145 198 4206 menen.
214 4171 243 4221 p·
259 4156 317 4207 110,
335 4151 442 4220 (Origg.
459 4153 562 4222 palata)

161 4235 227 4305 aas)
246 4241 289 4292 Fir
306 4239 431 4294 methodo
457 4241 571 4296 docendi
592 4244 646 4295 tuit
660 4244 823 4296 vocabulum
841 4243 981 4310 „studium
998 4239 1138 4310 generale“
1156 4255 1225 4295 con·

100 4331 228 4378 serratum
254 4333 282 4380 st
306 4333 402 4380 nostro
428 4330 538 4382 saeculo
561 4331 588 4382 in
614 4334 688 4382 univ.
712 4328 1010 4397 Heidelbergensi,·,sad
1038 4353 1068 4368 -·-
1089 4341 1141 4396 „ex
1163 4329 1224 4394 jure

99 4411 199 4472 regendi
214 4408 419 4467 universitas&
