3080 5150
582 401 628 426 a
669 369 712 444 '15
753 401 799 428 a

205 551 264 641 qui
295 550 336 618 dc
362 543 495 638 juribds
525 551 569 616 ad
605 541 791 617 Romanam
821 545 997 617 'ecclesiam
1025 545 1256 638 spectantibus

205 658 311 722 verba
332 657 417 722 facit
445 663 479 720 et
502 658 724 721 centenariam
753 657 1053 742 praescriptionem
1080 650 1258 720 desiderat.
1387 669 1396 690 ·

101 750 308 826 For-motae
330 757 455 824 literae
476 767 572 828 erant
594 758 757 845 epistolae
774 755 1086 842 commendatoriae,
1109 773 1258 842 commu-

203 865 403 946 nicatoriae,
427 853 645 946 dimissoriae,
666 859 832 927 interdum
843 863 1014 947 pacificae.
1037 859 1119 926 Oen.
1135 861 1258 948 Apost.

204 967 256 1034 34.
280 966 371 1053 apud
394 961 598 1052 Cotelerium
620 974 654 1031 at
675 969 761 1046 Drap
784 965 826 1030 do
849 967 1020 1030 constitut.
1042 972 1151 1052 apost.
1180 964 1257 1042 Iri-

203 1057 279 1136 ber
301 1068 488 1134 diurnus.
510 1071 546 1131 de
564 1073 699 1146 Rustica,
720 1067 858 1135 Recuell
870 1067 1008 1152 general
1030 1067 1090 1134 des
1111 1067 1257 1133 Forma-

202 1173 253 1238 les
275 1193 309 1258 p.
323 1174 396 1238 909.
425 1175 544 1256 Deoott,
568 1171 805 1258 dechorepisc.
827 1170 854 1254 §-
870 1170 920 1237 50.
943 1169 1122 1257 Epistolac
1142 1171 1256 1236 dimis-

204 1275 343 1344 soriales
363 1277 464 1362 juxta
486 1283 615 1342 statuta
644 1269 785 1342 Nicaeni
817 1272 958 1340 Concilii
987 1271 1077 1338 olim-
1092 1274 1256 1342 formatas

195 1379 391 1464 habebant,
424 1381 629 1465 interpositis
668 1381 799 1465 graecis
835 1378 962 1455 literis,
1000 1395 1044 1443 no
1064 1371 1067 1381 '
1084 1376 1127 1442 ds
1164 1377 1257 1444 facili

204 1489 503 1570 corrumperentur·
517 1501 544 1547 c.
570 1484 597 1547 1.
620 1483 649 1546 2.
672 1481 747 1547 dist
771 1477 822 1546 73.
856 1479 969 1548 Notae
997 1485 1028 1546 J.
1051 1483 1091 1543 H.
1112 1484 1257 1544 Botmert

207 1586 253 1652 ad
274 1585 349 1651 bl.
952 1583 954 1590 '
1049 1577 1052 1604 ⁷

107 1675 497 1776 Formosuspontifex
518 1661 682 1754 mamimus
705 1679 865 1756 annorum
888 1686 1068 1754 891—895.
1095 1683 1256 1754 edebas

203 1796 288 1858 rima
311 1793 382 1878 ejus
405 1792 486 1857 fata.
831 1795 835 1804 ‘

248 1895 379 1961 Eodem
411 1896 483 1962 fere
512 1904 661 1983 tempore
694 1895 892 1962 Decretales
919 1892 1256 1961 Pseudoisidorianae

109 2021 120 2029 ·
203 2003 238 2064 in
258 2017 322 2064 usu
351 1999 494 2065 fuerunt
538 1997 595 2064 Ex
616 1999 708 2064 bisce
738 1998 961 2064 decretalibus
983 1998 1133 2063 hominos
1166 1993 1257 2064 docti

203 2111 283 2168 tunc
304 2105 463 2190 temporis
494 2103 680 2188 probarunt
713 2123 753 2168 ea
775 2111 935 2188 tanquam
956 2109 1065 2186 recta,
1096 2119 1184 2187 quae
1211 2100 1256 2165 ad

205 2191 398 2271 electionem
419 2205 593 2290 Formoei,
629 2208 686 2291 qui
711 2207 783 2290 jam
812 2213 887 2270 erat
916 2207 1092 2290 episcopus
1123 2213 1158 2270 et
1178 2202 1255 2270 ideo

202 2307 465 2384 transferendus,
488 2308 694 2395 spectabant
722 2345 725 2352 »

247 2410 365 2475 Aemil.
388 2413 510 2473 Richter
522 2405 800 2476 'dissertationem
821 2413 1020 2498 conscripsit

158 2515 196 2596 1)
220 2513 263 2578 de
285 2513 448 2578 Formoso
471 2513 517 2576 nil
538 2517 616 2578 novi
639 2510 844 2598 afferentem,

160 2615 200 2702 2)
224 2617 267 2682 de
287 2618 585 2702 poenitentiaribns
608 2617 653 2682 ad
673 2619 716 2683 D.
745 2620 1006 2684 Woaaereelttcbaa.

246 2717 314 2786 Sed
325 2722 467 2806 primum
479 2728 596 2806 eaput,
616 2721 706 2806 quod
729 2721 773 2786 ad
785 2721 983 2788 Formosum
1006 2727 1154 2809 spectat,
1178 2727 1252 2786 erat

201 2840 417 2910 programma
439 2825 663 2889 universitatis
686 2825 939 2911 Marburgensis
963 2833 997 2891 et
1019 2825 1255 2891 orbiliterario

201 2947 269 2990 non
302 2928 585 3008 communicatum,
617 2927 782 3013 nobisque
802 2931 1006 3013 incognitum
1035 2935 1117 2992 erat.
1161 2927 1256 2993 Haec

204 3036 321 3094 contra
343 3033 516 3092 Rtodtcmm
538 3033 572 3093 in
594 3031 666 3115 ejus
689 3033 862 3117 compend.
886 3031 938 3097 ed.
961 3032 990 3097 5.
1012 3055 1045 3120 p.
1067 3031 1152 3120 'llll

109 3130 319 3197 Fornicatio
337 3132 534 3218 spiritualis.
555 3133 763 3218 Idololatria,
786 3143 1082 3222 quamsequuntnr
1102 3133 1254 3200 infideles

203 3243 237 3300 et
252 3235 423 3321 quaelibet
444 3229 547 3301 nortia
569 3241 763 3324 superstitio
786 3260 814 3305 c.
836 3240 866 3304 5.
888 3238 926 3304 O.
948 3236 1118 3304 XXVIII.
1147 3256 1202 3324 qu.
1226 3241 1254 3305 1.

181 3337 348 3424 'ideoque
378 3339 513 3406 divortii
530 3341 626 3406 locus
657 3350 717 3407 est
744 3363 770 3406 c.
791 3343 820 3408 6.
842 3343 889 3409 Χ.
910 3341 968 3409 IV.
991 3346 1042 3411 19.
1069 3350 1137 3409 not.
1158 3347 1190 3408 J.
1213 3345 1254 3409 H.

202 3445 347 3533 Boletum·
369 3445 419 3508 20.

110 3541 329 3610 fornicator
351 3545 513 3628 clericus,
537 3550 594 3634 qni
616 3549 873 3614 admonitionem
895 3569 961 3615 aon
983 3550 1094 3635 audit,
1115 3551 1254 3618 vitiator

203 3655 256 3712 est
280 3656 314 3713 et
335 3651 559 3736 suspenditur.
581 3649 625 3736 gl.
648 3649 692 3714 ad
713 3673 742 3717 c.
763 3656 794 3720 4.
815 3654 863 3718 X.
885 3653 944 3719 ΠΙ.
968 3656 996 3718 i.

112 3745 233 3814 Fossa
263 3783 305 3800 -·
334 3752 470 3817 fossarii
492 3785 534 3800 ·-
555 3745 766 3820 laborantes.
818 3756 928 3822 Fossa
964 3764 1018 3822 ost·
1052 3756 1252 3846 sepulcrum.

202 3853 355 3918 Fossarii
375 3857 399 3920 ii
422 3855 628 3942 dicebantur,
652 3861 709 3944 qni
732 3859 774 3924 de
796 3860 971 3926 humandis
1000 3860 1146 3926 fidelium
1176 3882 1254 3927 cor-

200 3957 339 4040 poribus
362 3960 574 4045 satagabant.
596 3961 666 4026 Eos
689 3963 1046 4050 habentJEpipbanius
1070 3972 1103 4030 et
1124 3965 1251 4030 Hiero-

201 4081 320 4142 nymus
342 4064 429 4126 inter
452 4063 600 4128 clericos.
646 4069 798 4132 Tdomosa
820 4066 845 4130 I.
867 4066 922 4131 lib.
943 4067 971 4130 2.
996 4087 1023 4132 e.
1047 4069 1119 4134 103.
1140 4090 1188 4132 nr.
1202 4070 1252 4134 16.

201 4163 312 4227 Fossa
334 4199 376 4210 -
398 4166 593 4253 sepulcrum.
617 4165 720 4231 Olem.
740 4170 768 4233 1.
789 4169 849 4234 HL
871 4171 900 4232 7.
1025 4192 1030 4213 .

109 4259 336 4338 insaciatae
358 4270 378 4334 i.
399 4287 426 4337 e.
456 4265 680 4338 immunitates
706 4309 748 4376 '.''
778 4289 844 4339 non
872 4283 1015 4364 possunt
1044 4293 1106 4342 nec
1128 4268 1251 4344 dob'ent
