3088 5140
616 349 851 414 -151—

146 519 368 587 Processus
390 523 494 588 ordo.
544 528 608 585 Voa
629 527 778 602 repentes
799 529 887 608 part
909 522 967 587 111.
990 525 1041 586 tit.
1054 524 1084 590 7.
1108 544 1155 587 nr.
1180 525 1220 588 14
1231 545 1302 611 seq.

248 627 484 691 animadvertit
505 644 579 691 eum
601 629 733 706 Ftearyo
757 646 907 708 ,omnem
929 622 1125 690 hodiernam
1141 625 1302 709 litigantis

250 731 393 794 formam
421 732 456 792 in
486 731 585 793 curiis
622 727 851 794 saecularibus
883 731 1043 794 usitatam
1077 733 1255 815 provenire
1283 752 1303 794 a

249 831 449 896 Canonistis.
487 836 674 914 „liencourt
685 832 734 895 les
748 831 818 896 loix
831 831 1102 917 ecclesiastiques
1119 831 1160 896 de
1173 833 1302 898 Franco
1362 861 1365 868 ·

249 943 335 1022 part
357 934 383 998 I.
406 955 432 998 c
454 933 557 1003 XIX.
579 955 611 1019 p.
633 930 706 1000 305.
739 934 855 1000 ecdem
889 933 932 998 de
962 937 1090 1020 origine
1121 952 1300 1019 processus

247 1042 284 1101 in
313 1039 412 1102 curiis
442 1033 672 1101 saecularibus
701 1035 867 1101 Franciae
894 1037 1040 1121 profert,
1076 1044 1110 1102 et
1139 1040 1302 1103 consentit

251 1145 393 1215 &dacica
429 1142 463 1204 in
496 1137 707 1225 praefatione
737 1139 781 1203 ad
809 1139 866 1204 lib.
900 1139 958 1206 1v.
1011 1140 1238 1206 Decretelium
1268 1143 1302 1206 in

248 1244 407 1330 oporibus
430 1263 451 1306 a
473 1241 568 1306 nobis
587 1243 659 1326 jam
680 1244 800 1306 citatis

294 1343 412 1410 Omnia
433 1345 580 1430 pendent
603 1365 647 1410 ex
669 1329 785 1409 ordine
797 1347 871 1430 ipso
894 1344 1108 1429 procedendi,
1120 1365 1208 1432 resp.
1231 1353 1302 1410 ter-

246 1451 343 1513 minis
365 1457 400 1514 et
411 1448 636 1530 dilationibus,
663 1467 874 1534 aequavero
899 1468 943 1512 ex
965 1456 1149 1533 systemate
1174 1449 1301 1534 probe-

249 1555 384 1617 tionum.
434 1551 645 1616 Praesumtio
682 1571 850 1636 nunquam
886 1551 1020 1634 sufficit,
1051 1571 1160 1636 nequo
1193 1551 1299 1616 solum

249 1661 494 1738 argumentum,
518 1656 581 1718 etsi
603 1657 648 1718 sit
669 1653 860 1731 violentum,
883 1656 980 1717 unico
1004 1673 1084 1718 casu
1095 1654 1214 1718 saltem
1238 1675 1301 1719 ex-

250 1764 359 1843 cepto,
382 1753 443 1821 sed
464 1756 521 1821 lex
543 1759 618 1842 ipsa
648 1759 820 1822 constituit
850 1756 979 1820 firmum
1011 1765 1045 1821 et
1077 1759 1302 1822 necessarium

247 1859 455 1946 probationis
478 1860 668 1924 remedium.
713 1844 780 1925 Sed
804 1880 847 1924 ex
870 1859 987 1925 ordine
1015 1859 1218 1946 procedendi
1249 1859 1301 1924 di-

248 1961 373 2027 viditur
394 1981 572 2048 processus
595 1965 629 2026 in
650 1962 854 2026 ordinarium
876 1961 1223 2028 etcxtreordinariurn
1245 1963 1300 2028 vel

252 2045 480 2148 summarium,
510 2069 569 2150 qui
590 2073 659 2130 tam
687 2069 721 2130 in
744 2068 852 2138 causis
882 2065 1035 2130 civilibus
1066 2073 1100 2129 st
1134 2068 1300 2130 cononicis

250 2188 351 2253 quam
373 2170 407 2231 in
430 2169 562 2232 casibus
586 2169 854 2254 disciplinaribus
878 2177 911 2232 et
925 2167 1145 2233 criminalibus
1159 2171 1206 2234 ita
1230 2168 1301 2233 dis-

253 2277 364 2336 cretus
383 2271 454 2355 jam
476 2279 554 2336 ante
579 2274 757 2334 Clementem
779 2269 820 2336 V.
832 2273 865 2334 in
874 2270 1009 2356 judiciis
1025 2271 1251 2336 saecularibus
1269 2280 1302 2336 et

251 2372 487 2439 ecelesiasticis
511 2375 660 2440 obtinuit

154 2475 365 2542 Processus
387 2475 618 2540 summarius.
660 2474 906 2565 Summotim
929 2493 1203 2560 cognoscere.
1225 2475 1301 2540 Hoc

247 2578 445 2644 vocabulum
469 2582 612 2644 occurrit
628 2581 728 2644 etiam
742 2581 776 2642 in
795 2579 871 2664 jure
886 2579 1049 2658 Romano,
1072 2578 1138 2642 vid.
1161 2581 1300 2643 Dorcea.

249 2679 318 2748 Sed
330 2681 426 2746 aliter
436 2702 473 2746 se
485 2681 586 2748 habet
597 2681 715 2766 injure
729 2680 907 2747 Canonico.
930 2681 1000 2765 Lis,
1014 2698 1100 2767 qnae
1112 2681 1300 2767 appellatur

255 2787 432 2850 summaria
452 2803 492 2848 ea
514 2792 577 2868 est,
599 2787 633 2848 in
656 2805 722 2870 qua
744 2785 811 2850 litis
828 2786 1026 2852 contestatio
1046 2785 1131 2870 juris
1144 2783 1302 2850 Canonici

248 2891 445 2970 remittitur,
476 2896 510 2954 et
535 2887 643 2974 judex
673 2888 717 2951 ad
746 2888 977 2973 probationem
1004 2890 1113 2973 ipsam
1142 2885 1301 2952 accedere

248 2998 370 3077 potest.
415 2990 554 3056 Obtinet
575 2990 630 3054 vel
652 2993 686 3053 in
707 2990 818 3072 rebus,
848 2993 882 3053 in
913 2991 1033 3074 quibus
1056 2996 1170 3054 exstat
1193 2989 1302 3054 eccle-

249 3095 319 3158 sias
340 3095 444 3178 ipsius
456 3093 595 3175 utilitas,
619 3091 710 3156 clem.
725 3093 752 3154 2.
775 3092 817 3156 de
830 3091 933 3177 judic.
956 3092 1011 3156 vel
1033 3111 1120 3176 quae
1142 3094 1301 3176 inspecie

244 3195 412 3280 jndicibus
443 3216 463 3258 a
496 3196 533 3258 P.
557 3193 591 3260 S.
612 3198 869 3277 committuntur,
901 3194 993 3260 clem.
1024 3193 1053 3257 2.
1076 3194 1119 3258 de
1139 3193 1180 3258 de
1202 3193 1243 3257 V.
1260 3191 1300 3260 S,

250 3297 290 3362 In
308 3299 385 3382 jure
407 3317 589 3383 processus
613 3297 794 3362 saecularis
819 3294 935 3362 eedem
958 3297 1091 3382 quidem
1121 3305 1174 3362 est
1195 3298 1302 3380 signi-

251 3401 373 3483 ficatio,
396 3400 457 3466 sed
480 3419 614 3486 quoque
637 3401 681 3464 ad
703 3401 786 3464 alias
811 3419 865 3465 res
890 3401 1090 3465 extenditur.

158 3503 382 3572 Processus.
426 3501 542 3568 Verbo
563 3501 713 3568 technice
732 3505 817 3587 juris
831 3501 1000 3568 Canonici.
1030 3501 1302 3580 OrdinsriuS,

249 3609 307 3692 qui
325 3608 401 3691 jure
423 3625 484 3670 suo
506 3605 561 3669 vel
582 3608 741 3691 principis
765 3606 924 3670 beneficio
947 3603 1179 3670 universaliter
1196 3605 1302 3689 juris·
1351 3613 1357 3620 ‘

248 3708 427 3774 dictionem
456 3724 614 3774 exercere
641 3713 763 3794 potest.
809 3708 987 3774 Ordinsrio
1019 3709 1198 3793 opponitur
1228 3705 1302 3771 de-

249 3811 423 3896 legatus
448 3818 482 3874 et
512 3809 695 3875 auditor.
740 3811 923 3876 Recusatio
953 3809 1110 3875 Judicum
1140 3807 1300 3892 (Roschirt,

250 3913 600 3998 Dogmengeschichte
620 3935 653 4000 p.
665 3914 732 3997 83).
754 3915 901 3998 Actio,
923 3912 1176 3978 fundamentum
1195 3914 1303 3977 aetio·

249 4019 322 4094 nis,
345 4034 448 4081 causa
477 4019 648 4102 proxima,
677 4025 806 4082 remota
828 4016 920 4101 (vide
941 4013 1178 4098 Glossatores).
1200 4015 1302 4080 Notio

229 4123 231 4128 '
251 4137 375 4184 causae
392 4125 553 4203 tauquam
566 4138 664 4185 casus
672 4121 767 4206 juris.
790 4119 1077 4206 Legitimatio
1099 4119 1143 4182 ad
1168 4139 1303 4182 oausam

250 4229 286 4288 et
307 4221 352 4285 ad
372 4240 579 4308 processum
623 4223 828 4290 Ordinantar
851 4224 963 4288 officia
975 4221 1199 4288 ministrorum
1220 4213 1302 4306 par-

250 4327 634 4412 tium-procuratoris,
658 4329 834 4412 curatoris,
858 4324 987 4413 syndici
1007 4324 1062 4392 vel
1083 4325 1207 4392 actoris
1227 4325 1303 4390 uni·
