3088 5140
548 380 783 448 -201-

252 557 332 625 dass
356 556 410 624 die
433 555 603 638 auditores
619 575 693 621 zum
710 554 807 622 Theil
826 557 861 620 in
884 553 958 620 dem
979 554 1104 640 irriger
1119 549 1233 618 Wahn

249 683 376 746 waren,
399 658 478 729 dass
500 663 534 725 in
556 657 763 746 explicandis
787 657 1010 725 decretalibus
1033 656 1234 724 nicbtsaon-

250 765 413 832 derliches
436 763 654 830 fruohtlicbes
678 762 786 830 doairt
807 762 929 830 werde.

182 867 285 950 Quod
306 869 551 948 Heidelbergae
571 867 697 932 factum
729 873 797 950 est,
819 865 907 932 idem
932 868 967 931 in
997 870 1116 934 ceteris
1146 869 1234 933 Pro-

97 977 291 1042 tastantium
313 972 598 1039 Universitatibus
619 973 800 1036 invenitur:
830 990 938 1056 neque
968 991 1049 1036 casu
1080 973 1234 1037 effectum

98 1099 169 1144 esse
190 1076 339 1159 videtur,
361 1083 399 1140 ut
420 1078 454 1140 in
477 1073 727 1140 Catholioorum
750 1073 1035 1139 Universitatibus
1055 1075 1141 1158 juris
1165 1071 1235 1140 Oa-

97 1183 204 1246 nonici
236 1181 291 1244 vis
322 1186 355 1244 et
385 1179 531 1264 dignitas
561 1179 823 1260 imminueretur,
858 1183 892 1242 et
922 1177 1065 1242 ambitus
1094 1183 1234 1263 totaque

98 1283 282 1350 studiorum
305 1285 390 1348 ratio
412 1301 478 1346 una
509 1302 582 1346 oum
610 1287 794 1364 systemate
812 1281 898 1366 juris
930 1301 991 1366 per
1021 1281 1234 1345 christianum

101 1387 210 1452 orbem
232 1392 424 1472 propagato
435 1385 624 1450 laederetur
638 1393 739 1469 atque
750 1383 827 1448 inde
840 1383 1063 1450 delaberetur.
1085 1383 1123 1447 In
1136 1403 1234 1468 quem

99 1491 193 1556 finem
216 1487 304 1554 adeo
326 1491 494 1574 respicere
522 1487 601 1554 licat
621 1488 664 1552 ad
688 1489 952 1554 Universitatem
973 1486 1235 1572 Ingolstadtien-

101 1592 217 1676 sem.*)
242 1591 358 1678 Atque
381 1613 425 1657 ex
444 1593 507 1656 hac
537 1591 670 1658 Ottonis
700 1590 835 1656 Henrici
864 1591 1105 1656 reformatione
1126 1589 1234 1654 nullus

99 1697 220 1761 Rector
245 1715 291 1760 ex
312 1694 495 1760 lectoribus
514 1695 599 1780 juris
631 1692 789 1760 Canonici
813 1693 938 1758 electus
972 1700 1024 1758 est
1052 1697 1160 1778 usq'ue
1193 1691 1236 1756 ad

102 1821 216 1865 annum
228 1819 272 1862 m.
284 1800 614 1884 septingentesimum
622 1795 789 1862 octavum.
798 1797 853 1882 aa)

182 1903 272 1970 Erat
293 1900 500 1966 solummodo
523 1901 750 1970 Decretalium
772 1902 956 1987 professor,
990 1903 1048 1986 qui
1069 1899 1236 1964 Decreta-

102 2005 175 2070 lium
196 2004 318 2071 librum
341 2004 520 2070 secundum
544 2004 747 2090 explicabat,
772 2011 805 2069 et
828 2025 872 2069 ex
894 2005 959 2070 hoc
975 2003 1072 2069 simul
1092 1999 1246 2088 judicio-1

102 2131 169 2173 rum
198 2107 387 2174 doctrinam
416 2107 590 2173 tradebat:
627 2117 696 2174 tres
725 2129 812 2173 nunc
838 2109 998 2172 nominati
1028 2113 1124 2172 erant
1150 2105 1235 2190 juris

104 2211 202 2278 civilis
226 2212 440 2298 professores
462 2247 503 2258 -
534 2212 706 2297 professor
736 2209 887 2294 Codicis,
911 2213 969 2295 qui
996 2215 1114 2295 postca
1137 2210 1236 2272 etiam

100 2315 151 2399 jus
172 2314 343 2402 publicum
361 2315 563 2398 assumebat,
586 2314 706 2380 deinde
720 2314 968 2379 Institutionum
990 2320 1023 2379 et
1045 2301 1257 2376 pandecta

103 2439 171 2481 rum
191 2417 423 2504 professores,
455 2439 595 2502 quorum
617 2420 710 2504 prior
738 2417 794 2502 jus
824 2424 963 2481 naturae
994 2423 1027 2481 et
1057 2413 1236 2496 criminale,

104 2521 183 2588 alter
201 2521 261 2606 jus
283 2518 418 2585 feudale
440 2518 678 2603 docebatffl)
1133 2604 1135 2607 .

183 2623 222 2690 Iu
245 2622 353 2688 tribus
384 2625 521 2688 statutis
548 2621 670 2708 (1558,
702 2622 803 2706 1588,
836 2621 934 2707 1672)
964 2619 1088 2686 salaria
1120 2620 1237 2684 horum

106 2735 245 2810 quatuor
267 2727 496 2812 professorum
520 2730 702 2792 constituta
725 2734 759 2792 et
781 2734 881 2792 aucta
901 2725 1095 2792 indicantur.
1142 2722 1237 2800 Quae

106 2825 227 2896 ¹statuta
251 2837 289 2894 ut
309 2831 446 2894 maximi
471 2838 548 2894 sunt
569 2834 724 2898 momenti
753 2838 787 2897 ct
815 2833 1019 2896 transierunt
1047 2831 1080 2892 in
1110 2833 1238 2893 statuta

105 2931 239 2998 aliarum
261 2934 432 2998 civitatum
453 2933 736 3018 Protastantium,
756 2937 805 2999 ita
834 2935 918 2998 satis
949 2931 1128 2998 ostendunt
1153 2933 1237 3016 juris

107 3033 262 3100 Canonici
283 3055 422 3121 parvam
444 3055 505 3122 par
527 3036 585 3100 illa
606 3045 757 3123 tempora
778 3037 883 3103 fuisse
905 3039 972 3100 vim
997 3041 1032 3100 et
1054 3037 1238 3099 auctorita-

105 3145 174 3202 tem.
212 3138 332 3224 Neque
354 3160 435 3204 vero
459 3137 555 3204 aliter
579 3139 651 3203 aliis
673 3142 707 3202 in
739 3139 1003 3211 Protestautinm
1025 3137 1238 3202 Universita-

106 3240 189 3306 tibus
211 3263 268 3308 res
291 3261 328 3307 se
349 3241 482 3308 habuit:
504 3249 633 3307 tanturn
656 3242 838 3308 serioribus
862 3261 906 3306 ex
928 3241 1134 3326 temporibus
1154 3260 1237 3324 opus

106 3347 258 3410 eximium
278 3343 410 3410 landari
444 3351 557 3431 potest
589 3349 619 3410 J.
647 3349 686 3413 H.
708 3349 869 3429 Bb'tmeri,
900 3346 957 3430 qui
987 3345 1239 3408 accuratissime

105 3447 210 3512 fontes
236 3449 322 3534 juris
360 3447 521 3514 Canonici
554 3451 758 3515 examinavit
798 3451 973 3535 ipsumque
1004 3453 1237 3532 argumentum

107 3547 268 3615 subtiliter
291 3551 491 3637 disquisivit,
515 3571 718 3638 operamque
741 3571 869 3618 omnem
892 3550 1003 3635 dedit,
1026 3570 1068 3614 ne
1087 3549 1144 3634 jus
1168 3546 1238 3612 Ga-

106 3741 307 3752 w

170 3859 201 3928 a)
218 3863 337 3916 Annales
355 3861 592 3930 ingolstadtiensts
615 3861 779 3916 Academiae
801 3863 963 3916 inchoarunt
985 3861 1148 3914 Valentinus
1165 3859 1239 3912 itot-

106 3962 194 4002 marus
225 3954 253 4002 et
283 3949 402 4002 domnas
425 3949 581 4016 Engerdus,
613 3951 718 4006 emend.
746 3953 825 4002 auxit
849 3953 967 4002 continu.
992 3949 1078 3997 Joarm
1102 3949 1238 4010 Nepomuc.

106 4033 395 4102 acara.1ng01stadt‚
413 4035 489 4090 1782.

170 4116 219 4185 sa)
245 4122 349 4170 Setrwob
372 4120 466 4186 syllab.
484 4125 623 4174 rectorum
640 4127 658 4174 t.
676 4124 712 4175 11.
730 4141 755 4192 p.
775 4124 917 4188 lli-sqq.

171 4199 239 4272 aaa)
260 4207 320 4268 Quo
338 4206 417 4260 modo
434 4222 484 4272 per
500 4206 604 4258 Italiam
620 4209 751 4274 speciales
770 4209 907 4262 doctrinae
924 4220 1081 4276 processus,
1096 4206 1239 4272 jurisfeu-

106 4287 213 4344 deliret
230 4295 376 4346 criminalis
394 4294 589 4361 excolerentur,
604 4293 659 4360 jam
676 4295 710 4347 ab
729 4297 788 4349 aliis
807 4295 972 4363 explicatum
990 4298 1039 4348 est.
1065 4295 1101 4348 of.
1117 4291 1238 4346 Ross-

106 4373 175 4429 h1rt
191 4379 251 4436 hist.
269 4386 296 4436 et
313 4385 380 4448 syst
396 4381 449 4448 jur.
467 4381 542 4436 crim.
560 4386 627 4449 part
646 4382 666 4434 L
