3088 5140
534 383 771 454 ..205-

93 578 143 628 res
165 558 242 626 laici
264 557 310 628 ad
323 559 585 630 Universitatem
598 555 1014 642 haudccccmebantur.*)
1057 556 1223 628 Doctores

94 686 221 752 quoque
243 663 453 732 decretorum
474 666 620 750 itemque
642 662 799 732 doceres
821 662 1003 733 medicinae
1025 663 1157 730 omnino
1180 661 1224 730 ab

92 771 212 834 artistis
235 767 528 855 distinguebantur
555 776 589 835 et
616 771 772 855 proprios
802 767 935 834 ordines
957 765 1223 850 constituebant3

91 871 163 937 indo
184 873 272 938 enim
295 880 389 940 ortas
412 879 491 940 eunt
513 880 657 959 quatuor
678 869 866 938 facultates.
910 870 986 937 Hoc
1015 869 1114 938 modo
1137 867 1223 935 adeo

91 976 212 1040 tactum
235 984 301 1060 est,
323 983 361 1040 ut
375 975 531 1042 doctores
542 975 751 1042 decretorum
764 983 798 1040 et
811 973 923 1060 legum
946 974 1064 1042 crebro
1086 971 1222 1038 induas

91 1077 267 1146 facultates
290 1078 457 1163 conjuncti
478 1080 697 1164 reperiantur.
1021 1151 1023 1156 ,

170 1183 325 1251 Fuerunt
347 1190 459 1248 autem
480 1179 545 1249 illis
568 1182 773 1269 temporibus
797 1189 865 1248 tres
888 1180 1050 1248 honorum
1079 1177 1223 1267 gradus:

92 1283 439 1370 baccalaureatus,“*)
460 1284 660 1360 licentiatus,
682 1285 885 1350 doctoratus.
907 1283 1224 1352 Medicinaedocto·

93 1409 141 1456 res
163 1393 196 1456 in
217 1390 403 1456 Parisienei
423 1389 652 1457 Universitate
675 1388 760 1454 adeo
784 1387 928 1456 coelibes
952 1408 1027 1456 esse
1042 1387 1223 1469 debebant,

92 1500 204 1580 postca
225 1502 341 1560 tamen
363 1493 426 1560 hoo
448 1493 648 1578 abrogatum
670 1499 737 1558 ast:
758 1491 914 1578 idemque
925 1494 1026 1558 etiam
1042 1493 1221 1558 canonistis

91 1597 177 1662 laicis
200 1617 396 1662 conoessum
419 1603 480 1662 ert.
523 1597 562 1663 In
590 1594 868 1679 Heidelbergensi
897 1595 1126 1660 Universitate
1153 1595 1223 1680 jam

92 1707 213 1768 matura
234 1700 513 1767 baccalaursatus
535 1697 688 1764 sublatus
710 1705 773 1780 est,
795 1705 833 1762 ut
856 1717 900 1762 ex
914 1695 1100 1763 Annalibus
1122 1696 1223 1764 intel-

92 1803 225 1896 ligimus,
250 1802 371 1888 quibus
395 1804 605 1870 continentur
634 1799 760 1868 indices
790 1799 1052 1868 Licentiatorum
1074 1807 1108 1868 et
1128 1799 1222 1866 Doc-

92 1913 201 1972 torum.

169 2009 328 2095 Magistri
351 2017 386 2076 et
407 2010 584 2093 Doctores,
607 2012 664 2094 qui
684 2008 845 2074 lectiones
860 2007 1038 2089 habebant,
1061 2006 1222 2074 diceban·

93 2119 140 2178 tm
160 2120 316 2198 regentes
337 2113 391 2180 vel
414 2120 489 2178 actu
502 2118 669 2196 regentes,
692 2113 875 2177 caterinen
896 2118 1066 2196 regentes:
1087 2109 1165 2176 inde
1186 2112 1220 2176 in

92 2217 266 2302 majoribus
283 2215 580 2298 Universitetibus,
601 2223 639 2280 ut
658 2217 693 2280 in
707 2214 872 2298 Pragensi
894 2219 928 2278 et
941 2213 1131 2298 Viennensi,
1154 2212 1220 2279 duo

93 2318 223 2406 collegia
243 2319 503 2386 instituebantur
526 2352 566 2368 -·
589 2318 818 2405 professorum
840 2315 1080 2400 atticotorum,
1103 2338 1221 2403 quem·

94 2422 266 2490 admodum
293 2422 329 2488 id
358 2422 468 2488 adhuc
496 2425 530 2488 in
560 2421 740 2488 Viennensi
770 2419 906 2486 obtinet.
957 2409 1221 2486 Licentlatorum

92 2528 228 2592 rationes
261 2526 350 2592 haud
379 2531 471 2594 recte
501 2527 658 2612 exposuit
696 2527 727 2589 J.
751 2527 790 2587 H.
813 2521 1047 2607 Bdtmcr,*”)
1076 2522 1221 2608 ideoque

91 2632 198 2696 meritc
227 2631 438 2716 vituperatus
461 2649 482 2734 a
504 2632 599 2713 Serti,
622 2629 679 2713 qui
700 2629 804 2692 vitam
833 2625 1039 2694 celeberrimi
1067 2625 1221 2694 Gratiani

91 2737 227 2818 exponit.

169 2835 270 2915 Quod
292 2836 336 2900 ad
357 2835 482 2902 salaria
504 2838 634 2920 attinet,
657 2833 807 2921 theologi
828 2844 989 2919 tanquam
1011 2835 1164 2918 magistri
1185 2835 1220 2897 in

91 2940 208 3006 artibus
230 2940 392 3006 beneficia
413 2961 480 3006 non
490 2939 672 3023 habebant,
695 2941 773 3025 quia
797 2947 893 3006 erant
915 2937 980 3004 alio
997 2936 1095 3004 modo
1117 2955 1220 3022 prae-

91 3043 237 3108 bendati:
266 3041 388 3129 reliqui
415 3041 859 3130 professoresaccipiebant
888 3040 1010 3108 salaria
1037 3039 1216 3123 aregibus

92 3154 121 3210 et
141 3145 356 3233 principibus,
377 3144 479 3231 idque
489 3165 556 3212 non
577 3147 611 3210 in
634 3143 745 3210 Gallia
768 3151 802 3210 et
814 3142 938 3228 Anglia
950 3142 1218 3208 tantumfactum

91 3256 147 3330 est,
168 3271 286 3318 verum
307 3252 407 3316 etiam
428 3251 462 3314 in
485 3246 665 3316 Germania
687 3253 789 3332 atque
811 3249 845 3310 in
867 3245 931 3312 hae
951 3249 1027 3332 ipsa
1041 3244 1220 3311 Universi-

91 3358 155 3420 tatc
174 3353 466 3438 Heidelbergensi,
488 3359 526 3418 ut
547 3373 592 3418 ex
613 3348 800 3418 Annalibus
822 3357 957 3416 nostrae
979 3347 1219 3415 Universitatis

91 3459 166 3523 satis
188 3477 357 3545 superque
380 3463 527 3524 constat:
546 3453 634 3521 uude
645 3452 835 3540 respublica
850 3452 1116 3518 Universitatum
1133 3470 1219 3535 quc-

91 3557 260 3628 dammodo
268 3560 386 3646 libera,
398 3581 495 3644 nuuc,
507 3560 585 3645 quia
598 3557 727 3624 dotatio
744 3576 788 3621 ex
803 3557 933 3622 aerario
945 3555 1037 3621 iacta
1049 3561 1111 3637 eet,
1119 3551 1220 3618 valde

90 3670 210 3730 mutata
233 3671 293 3744 eet,
316 3663 401 3730 adeo
423 3669 462 3729 ut
482 3663 607 3728 nostris
629 3660 835 3748 temporibus
857 3659 1104 3726 Universitates
1129 3655 1219 3723 Ger-

90 3769 213 3834 maniae
234 3768 451 3834 assumserint
471 3765 614 3832 formam
635 3766 863 3831 institutorum
884 3760 1102 3848 publicorum.

172 3870 272 3950 Quod
293 3893 375 3938 vero
396 3873 430 3936 in
451 3877 547 3936 tanta
566 3871 710 3935 omnium
732 3887 842 3934 rerum
857 3865 1113 3932 commutatione
1136 3882 1218 3928 aca-

90 4023 288 4044 'ht-nn..—

154 4127 184 4196 *)
202 4131 300 4186 Glossa
315 4129 350 4185 ad
367 4131 450 4186 Clam.
468 4127 491 4183 2.
508 4129 553 4182 lib.
571 4125 593 4194 ἓ.
613 4133 634 4181 1.
653 4144 674 4180 s.
692 4144 718 4180 v.
737 4123 895 4180 doctoratus
906 4121 1107 4178 Ultramontani
1124 4127 1152 4174 et
1169 4119 1218 4175 Cl-

90 4220 245 4271 tramontanl
260 4223 289 4270 in
307 4218 429 4270 omuibus
447 4218 530 4269 rebus
544 4215 651 4268 diverat

155 4301 204 4368 **)
221 4303 356 4358 bachelier
373 4314 390 4356 a
406 4303 515 4356 bataille
533 4327 565 4342 ·-
584 4301 728 4354 derivatur.

155 4386 223 4456 m)
241 4388 325 4458 prael.
342 4389 378 4446 sd
395 4391 551 4444 Decretum.
