3088 5140
552 373 791 466 &til-r

142 543 184 630 h)
207 539 276 610 Sed
297 566 363 612 non
385 553 465 632 poet
487 545 665 612 divortium
686 568 773 614 nova
796 547 983 634 conjunctio
1005 546 1165 616 maritalis
1188 550 1241 615 vi·

206 656 306 716 vente
326 651 437 735 priore
459 649 650 735 conjugato,
673 672 741 737 qua
770 654 939 737 spernitur
968 655 1168 719 sacramenti
1189 656 1242 717 in·

208 752 373 818 violabilis
397 753 593 838 conjunctio.

217 859 420 955 'Deuinpea
442 858 476 921 in
499 856 571 940 ejus
593 859 681 922 notis
703 879 762 923 zur
785 857 1029 944 Grundlegung
1059 857 1118 926 des
1142 859 1241 927 Chri-

113 955 124 978 “
250 958 445 1024 stenthume.

90 1079 237 1154 Votum
249 1114 290 1126 -
313 1077 430 1150 redimi
452 1079 543 1150 nullo
555 1080 789 1174 modopotest,
812 1084 841 1147 si
857 1082 937 1178 jura
952 1081 1102 1167 alterius,
1122 1104 1241 1172 nempe

191 1179 363 1248 creditoris
386 1181 564 1264 violantur,
587 1183 664 1250 iude
674 1192 809 1274 pactum
823 1184 947 1260 nudum
959 1183 1119 1278 obligatio
1136 1185 1240 1252 civilis

190 1285 282 1350 facta
315 1291 368 1350 est
401 1317 442 1334 —-
464 1285 542 1352 inde
571 1287 710 1355 verbum
744 1308 846 1373 germ.
881 1285 1121 1372 „Geliibniss.“,
1144 1290 1241 1375 'quasi

190 1394 336 1474 paetum,

92 1491 269 1574 Vulgata.
292 1499 451 1558 correcta.
474 1491 636 1578 Ejusdem
657 1494 796 1560 historia
812 1501 890 1560 ante
903 1502 936 1559 et
957 1501 1036 1580 post
1058 1492 1241 1561 Concilium

192 1593 339 1660 Trident.
383 1593 581 1661 Analect.
597 1597 669 1684 jur
691 1598 855 1683 pontii,
874 1595 945 1661 livr.
969 1595 1136 1666 huitidme.

98 1716 249 1782 Vulnus
271 1713 382 1780 letale.
407 1714 554 1781 Primum
576 1719 756 1802 vestigium
770 1717 868 1802 hujus
881 1718 1036 1801 notionis,
1059 1737 1126 1802 qua
1148 1716 1240 1784 Juris

191 1816 344 1884 Consulti
367 1816 576 1904 distinguunt
597 1839 718 1907 corpus
742 1821 853 1888 delicti
875 1821 918 1886 ab
935 1823 1162 1907 imputatione,
1185 1843 1241 1888 re-

189 1924 316 2008 peritur
337 1923 371 1986 in
393 1943 421 1989 c.
445 1923 495 1987 17.
516 1923 564 1990 Χ.
587 1923 629 1989 de
650 1923 825 1990 homicidio
847 1923 888 1990 V.
912 1925 962 1989 12.
983 1927 1041 2008 ita,
1063 1932 1101 1989 ut
1122 1945 1242 1991 revera

191 2026 349 2110 cognosci
369 2027 487 2111 possit,
506 2027 563 2112 jus
587 2025 791 2092 Canonicum
812 2029 922 2114 ipsum
951 2029 1092 2114 primum
1113 2028 1242 2093 fontem

188 2129 295 2194 fuisse
312 2128 398 2213 juris
411 2127 587 2194 criminalis
606 2132 861 2216 numaigentis.
884 2130 972 2196 Nam
992 2132 1027 2194 in
1047 2133 1122 2217 ipso
1141 2150 1241 2215 repe-

187 2233 273 2297 ritur
285 2231 404 2297 divisio
419 2233 573 2309 criminis,
590 2232 680 2318 quod
694 2235 815 2298 attinet
833 2232 877 2298 ad
892 2235 1059 2300 notionem
1075 2232 1186 2299 delicti
1207 2234 1242 2296 in

188 2353 311 2420 genere
333 2341 366 2400 et
387 2336 638 2420 imputationem
659 2339 831 2423 propriam
851 2339 885 2400 in
908 2335 1019 2401 dolum
1038 2343 1072 2401 st
1094 2334 1236 2422 culpam,

189 2438 224 2502 in
247 2436 403 2502 delictum
426 2431 686 2505 consummatum
709 2445 744 2504 et
764 2442 941 2526 inceptum,
964 2440 999 2504 in
1028 2446 1181 2506 auctores
1206 2446 1241 2504 et

190 2539 377 2628 complices.
403 2624 404 2634 ἵ
817 2543 830 2570 ²

655 2831 705 2928 X.

103 3125 219 3194 Xenis
240 3125 297 3195 illa
320 3147 379 3195 seu
403 3126 491 3192 dona
512 3133 571 3194 aut
585 3147 723 3194 munera
745 3126 819 3192 dari
840 3127 940 3194 solita
962 3149 1022 3215 per
1045 3126 1240 3194 Cardinales

163 3287 166 3292 .
192 3231 349 3297 absentas
372 3233 504 3298 noviter
514 3236 703 3317 promotosz
726 3251 906 3318 eorumque
917 3229 1047 3297 divisio.
1072 3232 1155 3294 Far.
1177 3229 1241 3296 sub

190 3356 221 3399 v.
243 3336 353 3400 xenia.
374 3337 489 3400 Bencd.
510 3333 606 3400 XIV.
632 3333 662 3398 d.
685 3354 711 3399 s.
735 3333 765 3400 d.
787 3334 843 3400 lib.
866 3333 907 3402 V.
930 3356 956 3400 c
979 3332 1037 3400 VI.
1058 3356 1107 3400 nr.
1125 3336 1156 3402 4.

101 3433 335 3502 xenodochia
356 3458 387 3503 v.
409 3435 475 3503 loci
496 3435 723 3521 venerabiles3
749 3437 816 3502 alia
838 3458 894 3504 res
918 3458 1018 3524 quam
1047 3437 1241 3504 cenodoxia

190 3538 368 3618 κενοδοξία.

101 3640 400 3727 Xenoparochus,
423 3645 476 3709 cui
498 3663 615 3710 munus
637 3644 819 3730 injunctum
842 3651 894 3711 est
922 3643 1108 3731 hospitibus
1131 3642 1240 3730 publi·

192 3749 240 3812 cis
268 3746 484 3833 comparandi
505 3767 561 3831 ea,
592 3767 679 3834 quae
709 3747 754 3812 ad
783 3751 906 3814 victum
935 3749 1126 3814 necessaria
1155 3754 1240 3813 sunt

190 3851 345 3914 Dictaea:
366 3871 432 3916 non
455 3857 507 3916 eet
529 3851 728 3918 vocabtdum
751 3833 1021 3918 ecclesiasticum.

101 3949 335 4036 xerophagia
357 3961 410 4020 est
433 3953 545 4020 aridus
568 3957 687 4039 victus,
711 3957 913 4042 quiconstat
933 3963 993 4022 aut
1006 3975 1094 4042 pane
1117 3960 1150 4022 et
1169 3952 1240 4019 eale

190 4077 265 4122 cum
287 4077 386 4143 aqua,
409 4064 585 4144 culpane,
609 4078 708 4144 aqua,
730 4057 802 4126 sale
826 4065 860 4125 et
881 4058 1036 4125 oleribus.
1057 4061 1178 4141 Dare,
1199 4056 1241 4122 de

187 4159 291 4244 jejun.
314 4156 341 4244 ξ).
363 4160 397 4224 6.
414 4167 481 4226 not.
503 4161 533 4228 3.

99 4260 417 4346 xerophagiarum
446 4263 502 4330 lex
531 4298 573 4312 --
595 4270 725 4350 tantum
753 4268 788 4332 in
816 4267 934 4352 maj0ri
963 4263 1174 4333 hebdomade
1196 4262 1240 4328 ab

189 4365 331 4434 ecclesia
352 4369 509 4436 universa
531 4368 786 4439 observabatur.
