<?xml version="1.0" encoding="UTF-8"?>
<!DOCTYPE html PUBLIC "-//W3C//DTD XHTML 1.0 Transitional//EN"
    "http://www.w3.org/TR/xhtml1/DTD/xhtml1-transitional.dtd">
<html xmlns="http://www.w3.org/1999/xhtml" xml:lang="en" lang="en">
 <head>
  <title>
</title>
<meta http-equiv="Content-Type" content="text/html;charset=utf-8" />
  <meta name='ocr-system' content='tesseract 3.04.00' />
  <meta name='ocr-capabilities' content='ocr_page ocr_carea ocr_par ocr_line ocrx_word'/>
</head>
<body>
  <div class='ocr_page' id='page_1' title='image "./manualelatinita00rossgoog_0035.png"; bbox 0 0 3108 5138; ppageno 0'>
   <div class='ocr_carea' id='block_1_1' title="bbox 760 357 973 422">
    <p class='ocr_par' dir='ltr' id='par_1_1' title="bbox 760 357 973 422">
     <span class='ocr_line' id='line_1_1' title="bbox 760 357 973 422; baseline 0 -16"><span class='ocrx_word' id='word_1_1' title='bbox 760 357 973 422; x_wconf 78' lang='lat'>..12·....</span> 
     </span>
    </p>
   </div>
   <div class='ocr_carea' id='block_1_2' title="bbox 285 528 1441 4428">
    <p class='ocr_par' dir='ltr' id='par_1_2' title="bbox 285 528 1440 720">
     <span class='ocr_line' id='line_1_2' title="bbox 285 528 1440 621; baseline -0.001 -27"><span class='ocrx_word' id='word_1_2' title='bbox 285 528 410 621; x_wconf 50' lang='lat' dir='ltr'>,Armu</span> <span class='ocrx_word' id='word_1_3' title='bbox 431 529 645 596; x_wconf 84' lang='lat' dir='ltr'>¹Clerieorum</span> <span class='ocrx_word' id='word_1_4' title='bbox 675 537 752 595; x_wconf 88' lang='lat' dir='ltr'>sunt</span> <span class='ocrx_word' id='word_1_5' title='bbox 781 530 949 616; x_wconf 84' lang='lat' dir='ltr'>lacrymae</span> <span class='ocrx_word' id='word_1_6' title='bbox 973 539 1007 595; x_wconf 87' lang='lat' dir='ltr'>et</span> <span class='ocrx_word' id='word_1_7' title='bbox 1029 535 1207 596; x_wconf 74' lang='lat' dir='ltr'>orationes.</span> <span class='ocrx_word' id='word_1_8' title='bbox 1237 552 1264 599; x_wconf 87' lang='lat' dir='ltr'>c.</span> <span class='ocrx_word' id='word_1_9' title='bbox 1287 530 1316 595; x_wconf 99' lang='grc'><strong>2.</strong></span> <span class='ocrx_word' id='word_1_10' title='bbox 1344 529 1378 596; x_wconf 88' lang='lat'>3.</span> <span class='ocrx_word' id='word_1_11' title='bbox 1402 528 1440 594; x_wconf 88' lang='lat' dir='ltr'>C.</span> 
     </span>
     <span class='ocr_line' id='line_1_3' title="bbox 386 634 651 720; baseline 0 -22"><span class='ocrx_word' id='word_1_12' title='bbox 386 634 522 699; x_wconf 91' lang='lat' dir='ltr'>XXIII.</span> <span class='ocrx_word' id='word_1_13' title='bbox 546 657 599 720; x_wconf 93' lang='lat' dir='ltr'>qu.</span> <span class='ocrx_word' id='word_1_14' title='bbox 622 637 651 699; x_wconf 89' lang='grc'>8.</span> 
     </span>
    </p>

    <p class='ocr_par' dir='ltr' id='par_1_3' title="bbox 301 737 1211 825">
     <span class='ocr_line' id='line_1_4' title="bbox 301 737 1211 825; baseline 0.002 -25"><span class='ocrx_word' id='word_1_15' title='bbox 301 737 517 802; x_wconf 77' lang='lat' dir='ltr'>Aromuterii</span> <span class='ocrx_word' id='word_1_16' title='bbox 540 741 622 803; x_wconf 85' lang='lat' dir='ltr'>sunt&#39;</span> <span class='ocrx_word' id='word_1_17' title='bbox 639 739 928 825; x_wconf 88' lang='lat' dir='ltr'>pharmacopolae.</span> <span class='ocrx_word' id='word_1_18' title='bbox 972 744 1057 804; x_wconf 64' lang='lat' dir='ltr'>rere.</span> <span class='ocrx_word' id='word_1_19' title='bbox 1079 761 1104 804; x_wconf 91' lang='lat' dir='ltr'>s.</span> <span class='ocrx_word' id='word_1_20' title='bbox 1128 741 1159 803; x_wconf 89' lang='lat' dir='ltr'>h.</span> <span class='ocrx_word' id='word_1_21' title='bbox 1181 762 1211 803; x_wconf 91' lang='lat' dir='ltr'>v.</span> 
     </span>
    </p>

    <p class='ocr_par' dir='ltr' id='par_1_4' title="bbox 299 841 1441 1030">
     <span class='ocr_line' id='line_1_5' title="bbox 299 841 1441 924; baseline 0.001 -22"><span class='ocrx_word' id='word_1_22' title='bbox 299 842 404 904; x_wconf 83' lang='lat' dir='ltr'>Artes</span> <span class='ocrx_word' id='word_1_23' title='bbox 427 841 639 906; x_wconf 87' lang='lat' dir='ltr'>liberales</span> <span class='ocrx_word' id='word_1_24' title='bbox 663 851 740 906; x_wconf 90' lang='lat' dir='ltr'>sunt</span> <span class='ocrx_word' id='word_1_25' title='bbox 756 843 1111 924; x_wconf 84' lang='lat' dir='ltr'>contrariaosrtificio,</span> <span class='ocrx_word' id='word_1_26' title='bbox 1134 841 1309 907; x_wconf 89' lang='lat' dir='ltr'>artificiolo</span> <span class='ocrx_word' id='word_1_27' title='bbox 1323 844 1342 906; x_wconf 92' lang='lat' dir='ltr'>i.</span> <span class='ocrx_word' id='word_1_28' title='bbox 1369 863 1398 906; x_wconf 91' lang='lat' dir='ltr'>e.</span> <span class='ocrx_word' id='word_1_29' title='bbox 1412 845 1441 905; x_wconf 90' lang='lat' dir='ltr'>si</span> 
     </span>
     <span class='ocr_line' id='line_1_6' title="bbox 389 945 1439 1030; baseline -0.004 -22"><span class='ocrx_word' id='word_1_30' title='bbox 389 964 490 1029; x_wconf 89' lang='lat' dir='ltr'>opere</span> <span class='ocrx_word' id='word_1_31' title='bbox 512 945 616 1007; x_wconf 89' lang='lat' dir='ltr'>rurali</span> <span class='ocrx_word' id='word_1_32' title='bbox 638 948 762 1009; x_wconf 88' lang='lat' dir='ltr'>victum</span> <span class='ocrx_word' id='word_1_33' title='bbox 785 953 926 1030; x_wconf 86' lang='lat' dir='ltr'>quaerat</span> <span class='ocrx_word' id='word_1_34' title='bbox 948 945 1087 1009; x_wconf 88' lang='lat' dir='ltr'>clericus</span> <span class='ocrx_word' id='word_1_35' title='bbox 1117 947 1285 1008; x_wconf 79' lang='lat' dir='ltr'>Fomcuiai</span> <span class='ocrx_word' id='word_1_36' title='bbox 1305 965 1336 1030; x_wconf 87' lang='lat' dir='ltr'>p.</span> <span class='ocrx_word' id='word_1_37' title='bbox 1364 946 1439 1010; x_wconf 82' lang='lat'>136.</span> 
     </span>
    </p>

    <p class='ocr_par' dir='ltr' id='par_1_5' title="bbox 313 1044 945 1131">
     <span class='ocr_line' id='line_1_7' title="bbox 313 1044 945 1131; baseline 0.002 -22"><span class='ocrx_word' id='word_1_38' title='bbox 313 1067 316 1074; x_wconf 76' lang='grc'>’</span> <span class='ocrx_word' id='word_1_39' title='bbox 384 1044 482 1128; x_wconf 79' lang='lat' dir='ltr'>(freis</span> <span class='ocrx_word' id='word_1_40' title='bbox 504 1047 616 1110; x_wconf 87' lang='lat' dir='ltr'>Knnst</span> <span class='ocrx_word' id='word_1_41' title='bbox 637 1048 706 1110; x_wconf 87' lang='lat' dir='ltr'>und</span> <span class='ocrx_word' id='word_1_42' title='bbox 727 1046 945 1131; x_wconf 79' lang='lat' dir='ltr'>Handwerlr.)</span> 
     </span>
    </p>

    <p class='ocr_par' dir='ltr' id='par_1_6' title="bbox 301 1147 1441 1440">
     <span class='ocr_line' id='line_1_8' title="bbox 301 1147 1441 1235; baseline 0.004 -25"><span class='ocrx_word' id='word_1_43' title='bbox 301 1147 450 1212; x_wconf 74' lang='lat' dir='ltr'><strong>Articuli</strong></span> <span class='ocrx_word' id='word_1_44' title='bbox 473 1157 626 1235; x_wconf 85' lang='lat' dir='ltr'>estpars</span> <span class='ocrx_word' id='word_1_45' title='bbox 656 1152 866 1232; x_wconf 85' lang='lat' dir='ltr'>intentionis,</span> <span class='ocrx_word' id='word_1_46' title='bbox 897 1153 1068 1215; x_wconf 87' lang='lat' dir='ltr'>continens</span> <span class='ocrx_word' id='word_1_47' title='bbox 1090 1149 1189 1233; x_wconf 91' lang='lat' dir='ltr'>illud,</span> <span class='ocrx_word' id='word_1_48' title='bbox 1221 1150 1311 1235; x_wconf 87' lang='lat' dir='ltr'>quod</span> <span class='ocrx_word' id='word_1_49' title='bbox 1340 1158 1441 1214; x_wconf 82' lang='lat' dir='ltr'>actor</span> 
     </span>
     <span class='ocr_line' id='line_1_9' title="bbox 386 1250 1440 1338; baseline 0.001 -23"><span class='ocrx_word' id='word_1_50' title='bbox 386 1250 439 1316; x_wconf 90' lang='lat' dir='ltr'>vel</span> <span class='ocrx_word' id='word_1_51' title='bbox 468 1272 545 1316; x_wconf 88' lang='lat' dir='ltr'>reus</span> <span class='ocrx_word' id='word_1_52' title='bbox 576 1253 720 1338; x_wconf 84' lang='lat' dir='ltr'>probare</span> <span class='ocrx_word' id='word_1_53' title='bbox 750 1253 900 1316; x_wconf 75' lang='lat' dir='ltr'>Intendit.</span> <span class='ocrx_word' id='word_1_54' title='bbox 953 1253 1065 1337; x_wconf 87' lang='lat' dir='ltr'>glad</span> <span class='ocrx_word' id='word_1_55' title='bbox 1094 1273 1120 1316; x_wconf 91' lang='lat' dir='ltr'>c.</span> <span class='ocrx_word' id='word_1_56' title='bbox 1144 1255 1171 1316; x_wconf 89' lang='lat'>1.</span> <span class='ocrx_word' id='word_1_57' title='bbox 1194 1254 1228 1316; x_wconf 93' lang='lat' dir='ltr'>in</span> <span class='ocrx_word' id='word_1_58' title='bbox 1259 1251 1330 1318; x_wconf 74' lang='lat' dir='ltr'>vlt</span> <span class='ocrx_word' id='word_1_59' title='bbox 1355 1254 1386 1316; x_wconf 88' lang='lat'>1.</span> <span class='ocrx_word' id='word_1_60' title='bbox 1410 1253 1440 1316; x_wconf 85' lang='lat'>3.</span> 
     </span>
     <span class='ocr_line' id='line_1_10' title="bbox 388 1353 680 1440; baseline -0.003 -22"><span class='ocrx_word' id='word_1_61' title='bbox 388 1353 466 1419; x_wconf 88' lang='lat' dir='ltr'>vide</span> <span class='ocrx_word' id='word_1_62' title='bbox 487 1359 680 1440; x_wconf 76' lang='lat' dir='ltr'>positiones.</span> 
     </span>
    </p>

    <p class='ocr_par' dir='ltr' id='par_1_7' title="bbox 304 1458 1440 1648">
     <span class='ocr_line' id='line_1_11' title="bbox 304 1458 1440 1544; baseline 0 -24"><span class='ocrx_word' id='word_1_63' title='bbox 304 1459 453 1522; x_wconf 81' lang='lat' dir='ltr'>Ascetae</span> <span class='ocrx_word' id='word_1_64' title='bbox 476 1459 635 1522; x_wconf 90' lang='lat' dir='ltr'>orandum</span> <span class='ocrx_word' id='word_1_65' title='bbox 659 1467 710 1522; x_wconf 88' lang='lat' dir='ltr'>est</span> <span class='ocrx_word' id='word_1_66' title='bbox 733 1480 794 1544; x_wconf 89' lang='lat' dir='ltr'>pro</span> <span class='ocrx_word' id='word_1_67' title='bbox 817 1461 898 1543; x_wconf 90' lang='lat' dir='ltr'>ipsis</span> <span class='ocrx_word' id='word_1_68' title='bbox 920 1461 954 1522; x_wconf 91' lang='lat' dir='ltr'>in</span> <span class='ocrx_word' id='word_1_69' title='bbox 977 1458 1202 1524; x_wconf 76' lang='lat' dir='ltr'>celebratione</span> <span class='ocrx_word' id='word_1_70' title='bbox 1224 1461 1346 1524; x_wconf 85' lang='lat' dir='ltr'>missae</span> <span class='ocrx_word' id='word_1_71' title='bbox 1365 1459 1440 1544; x_wconf 86' lang='lat' dir='ltr'>jam</span> 
     </span>
     <span class='ocr_line' id='line_1_12' title="bbox 384 1561 1333 1648; baseline 0 -26"><span class='ocrx_word' id='word_1_72' title='bbox 384 1562 499 1646; x_wconf 88' lang='lat' dir='ltr'>primis</span> <span class='ocrx_word' id='word_1_73' title='bbox 523 1561 738 1646; x_wconf 76' lang='lat' dir='ltr'>temporibus,</span> <span class='ocrx_word' id='word_1_74' title='bbox 762 1561 901 1641; x_wconf 74' lang='lat' dir='ltr'>Dreyad</span> <span class='ocrx_word' id='word_1_75' title='bbox 922 1565 1052 1628; x_wconf 86' lang='lat' dir='ltr'>constit.</span> <span class='ocrx_word' id='word_1_76' title='bbox 1075 1569 1183 1648; x_wconf 86' lang='lat' dir='ltr'>apost.</span> <span class='ocrx_word' id='word_1_77' title='bbox 1205 1583 1237 1647; x_wconf 90' lang='lat' dir='ltr'>p.</span> <span class='ocrx_word' id='word_1_78' title='bbox 1262 1563 1333 1626; x_wconf 89' lang='grc'><strong>108.</strong></span> 
     </span>
    </p>

    <p class='ocr_par' dir='ltr' id='par_1_8' title="bbox 305 1661 1220 1729">
     <span class='ocr_line' id='line_1_13' title="bbox 305 1661 1220 1729; baseline 0.002 -3"><span class='ocrx_word' id='word_1_79' title='bbox 305 1661 525 1728; x_wconf 82' lang='lat' dir='ltr'>Asceterium</span> <span class='ocrx_word' id='word_1_80' title='bbox 546 1667 565 1726; x_wconf 94' lang='lat' dir='ltr'>i.</span> <span class='ocrx_word' id='word_1_81' title='bbox 590 1685 616 1727; x_wconf 92' lang='lat' dir='ltr'>e.</span> <span class='ocrx_word' id='word_1_82' title='bbox 640 1667 903 1728; x_wconf 77' lang='lat' dir='ltr'>exercitium.</span> <span class='ocrx_word' id='word_1_83' title='bbox 947 1667 1065 1729; x_wconf 69' lang='lat' dir='ltr'>Moloni</span> <span class='ocrx_word' id='word_1_84' title='bbox 1087 1686 1113 1728; x_wconf 91' lang='lat' dir='ltr'>s.</span> <span class='ocrx_word' id='word_1_85' title='bbox 1135 1665 1165 1728; x_wconf 92' lang='lat' dir='ltr'>h.</span> <span class='ocrx_word' id='word_1_86' title='bbox 1189 1686 1220 1728; x_wconf 85' lang='lat' dir='ltr'>v.</span> 
     </span>
    </p>

    <p class='ocr_par' dir='ltr' id='par_1_9' title="bbox 299 1764 1440 2160">
     <span class='ocr_line' id='line_1_14' title="bbox 299 1764 1439 1852; baseline 0.002 -24"><span class='ocrx_word' id='word_1_87' title='bbox 299 1764 472 1830; x_wconf 82' lang='lat' dir='ltr'>Asisteria</span> <span class='ocrx_word' id='word_1_88' title='bbox 495 1803 535 1812; x_wconf 89' lang='lat'>-</span> <span class='ocrx_word' id='word_1_89' title='bbox 558 1769 747 1830; x_wconf 88' lang='lat' dir='ltr'>asisterinm</span> <span class='ocrx_word' id='word_1_90' title='bbox 764 1774 815 1830; x_wconf 88' lang='lat' dir='ltr'>est</span> <span class='ocrx_word' id='word_1_91' title='bbox 827 1767 920 1830; x_wconf 88' lang='lat' dir='ltr'>locus</span> <span class='ocrx_word' id='word_1_92' title='bbox 933 1767 1023 1852; x_wconf 89' lang='lat' dir='ltr'>apud</span> <span class='ocrx_word' id='word_1_93' title='bbox 1040 1765 1201 1849; x_wconf 84' lang='lat' dir='ltr'>Graecos,</span> <span class='ocrx_word' id='word_1_94' title='bbox 1223 1769 1257 1830; x_wconf 92' lang='lat' dir='ltr'>in</span> <span class='ocrx_word' id='word_1_95' title='bbox 1273 1787 1338 1852; x_wconf 91' lang='lat' dir='ltr'>quo</span> <span class='ocrx_word' id='word_1_96' title='bbox 1350 1787 1439 1830; x_wconf 86' lang='lat' dir='ltr'>nnus</span> 
     </span>
     <span class='ocr_line' id='line_1_15' title="bbox 387 1859 1440 1958; baseline 0 -26"><span class='ocrx_word' id='word_1_97' title='bbox 387 1869 557 1951; x_wconf 85' lang='lat' dir='ltr'>sacerdos,</span> <span class='ocrx_word' id='word_1_98' title='bbox 581 1871 727 1954; x_wconf 90' lang='lat' dir='ltr'>quinque</span> <span class='ocrx_word' id='word_1_99' title='bbox 762 1868 927 1952; x_wconf 76' lang='lat' dir='ltr'>acolythi,</span> <span class='ocrx_word' id='word_1_100' title='bbox 964 1859 1109 1954; x_wconf 76' lang='lat' dir='ltr'>quicque</span> <span class='ocrx_word' id='word_1_101' title='bbox 1138 1869 1311 1958; x_wconf 89' lang='lat' dir='ltr'>mulieres,</span> <span class='ocrx_word' id='word_1_102' title='bbox 1349 1890 1440 1956; x_wconf 87' lang='lat' dir='ltr'>quae</span> 
     </span>
     <span class='ocr_line' id='line_1_16' title="bbox 386 1970 1439 2056; baseline -0.003 -21"><span class='ocrx_word' id='word_1_103' title='bbox 386 1973 560 2036; x_wconf 88' lang='lat' dir='ltr'>asisteriae</span> <span class='ocrx_word' id='word_1_104' title='bbox 584 1970 746 2054; x_wconf 88' lang='lat' dir='ltr'>dicuntur,</span> <span class='ocrx_word' id='word_1_105' title='bbox 769 1979 911 2036; x_wconf 80' lang='lat' dir='ltr'>manent.</span> <span class='ocrx_word' id='word_1_106' title='bbox 943 1972 986 2056; x_wconf 82' lang='lat' dir='ltr'>gl.</span> <span class='ocrx_word' id='word_1_107' title='bbox 1010 1972 1053 2036; x_wconf 91' lang='lat' dir='ltr'>ad</span> <span class='ocrx_word' id='word_1_108' title='bbox 1076 1993 1102 2036; x_wconf 88' lang='grc'>1.</span> <span class='ocrx_word' id='word_1_109' title='bbox 1125 1973 1176 2038; x_wconf 87' lang='lat'>30.</span> <span class='ocrx_word' id='word_1_110' title='bbox 1207 1970 1244 2037; x_wconf 85' lang='lat' dir='ltr'>C.</span> <span class='ocrx_word' id='word_1_111' title='bbox 1266 1971 1439 2038; x_wconf 89' lang='lat' dir='ltr'>XXVIII.</span> 
     </span>
     <span class='ocr_line' id='line_1_17' title="bbox 387 2077 491 2160; baseline -0.01 -22"><span class='ocrx_word' id='word_1_112' title='bbox 387 2097 440 2160; x_wconf 90' lang='lat' dir='ltr'>qu.</span> <span class='ocrx_word' id='word_1_113' title='bbox 465 2077 491 2138; x_wconf 89' lang='lat'>1.</span> 
     </span>
    </p>

    <p class='ocr_par' dir='ltr' id='par_1_10' title="bbox 292 2173 1439 2452">
     <span class='ocr_line' id='line_1_18' title="bbox 292 2173 1439 2264; baseline 0.003 -25"><span class='ocrx_word' id='word_1_114' title='bbox 292 2173 451 2262; x_wconf 81' lang='grc' dir='ltr'><strong>’Ἁσκησις.</strong></span> <span class='ocrx_word' id='word_1_115' title='bbox 487 2177 609 2244; x_wconf 86' lang='lat' dir='ltr'>Graeci</span> <span class='ocrx_word' id='word_1_116' title='bbox 630 2181 733 2242; x_wconf 88' lang='lat' dir='ltr'>vitam</span> <span class='ocrx_word' id='word_1_117' title='bbox 745 2178 987 2263; x_wconf 85' lang='lat' dir='ltr'>religiosorum,</span> <span class='ocrx_word' id='word_1_118' title='bbox 1003 2199 1087 2264; x_wconf 92' lang='lat' dir='ltr'>qnos</span> <span class='ocrx_word' id='word_1_119' title='bbox 1104 2200 1165 2242; x_wconf 90' lang='lat' dir='ltr'>nos</span> <span class='ocrx_word' id='word_1_120' title='bbox 1183 2177 1332 2261; x_wconf 88' lang='lat' dir='ltr'>dicimus,</span> <span class='ocrx_word' id='word_1_121' title='bbox 1355 2199 1439 2264; x_wconf 85' lang='lat' dir='ltr'>pro-</span> 
     </span>
     <span class='ocr_line' id='line_1_19' title="bbox 384 2273 1439 2368; baseline -0.001 -24"><span class='ocrx_word' id='word_1_122' title='bbox 384 2285 456 2368; x_wconf 89' lang='lat' dir='ltr'>prie</span> <span class='ocrx_word' id='word_1_123' title='bbox 501 2273 639 2363; x_wconf 77' lang='grc' dir='ltr'><strong><em>ἄσκησιν</em></strong></span> <span class='ocrx_word' id='word_1_124' title='bbox 672 2282 896 2346; x_wconf 79' lang='lat' dir='ltr'>nominabant.</span> <span class='ocrx_word' id='word_1_125' title='bbox 957 2279 1174 2346; x_wconf 84' lang='lat' dir='ltr'>Correetores</span> <span class='ocrx_word' id='word_1_126' title='bbox 1213 2282 1357 2346; x_wconf 83' lang='lat' dir='ltr'>Romani</span> <span class='ocrx_word' id='word_1_127' title='bbox 1395 2279 1439 2344; x_wconf 85' lang='lat' dir='ltr'>ad</span> 
     </span>
     <span class='ocr_line' id='line_1_20' title="bbox 386 2386 637 2452; baseline -0.012 -3"><span class='ocrx_word' id='word_1_128' title='bbox 386 2407 412 2449; x_wconf 92' lang='lat' dir='ltr'>c.</span> <span class='ocrx_word' id='word_1_129' title='bbox 436 2389 464 2449; x_wconf 88' lang='grc'><strong>2.</strong></span> <span class='ocrx_word' id='word_1_130' title='bbox 488 2387 563 2450; x_wconf 90' lang='lat' dir='ltr'>dist.</span> <span class='ocrx_word' id='word_1_131' title='bbox 587 2386 637 2452; x_wconf 76' lang='lat'>30.</span> 
     </span>
    </p>

    <p class='ocr_par' dir='ltr' id='par_1_11' title="bbox 301 2487 1437 2581">
     <span class='ocr_line' id='line_1_21' title="bbox 301 2487 1437 2581; baseline -0.002 -29"><span class='ocrx_word' id='word_1_132' title='bbox 301 2488 539 2573; x_wconf 81' lang='lat' dir='ltr'>Aspersiones</span> <span class='ocrx_word' id='word_1_133' title='bbox 567 2511 598 2552; x_wconf 90' lang='lat' dir='ltr'>v.</span> <span class='ocrx_word' id='word_1_134' title='bbox 629 2487 877 2572; x_wconf 89' lang='lat' dir='ltr'>Adspersiones</span> <span class='ocrx_word' id='word_1_135' title='bbox 911 2520 951 2532; x_wconf 79' lang='lat'>-—-</span> <span class='ocrx_word' id='word_1_136' title='bbox 986 2489 1312 2581; x_wconf 76' lang='lat' dir='ltr'>sanctificatio,</span> <span class='ocrx_word' id='word_1_137' title='bbox 1338 2494 1437 2550; x_wconf 89' lang='lat' dir='ltr'>actus</span> 
     </span>
    </p>

    <p class='ocr_par' dir='ltr' id='par_1_12' title="bbox 300 2589 1437 2776">
     <span class='ocr_line' id='line_1_22' title="bbox 344 2589 1437 2672; baseline -0.005 -18"><span class='ocrx_word' id='word_1_138' title='bbox 344 2611 347 2632; x_wconf 69' lang='lat'><em>²</em></span> <span class='ocrx_word' id='word_1_139' title='bbox 368 2591 545 2654; x_wconf 49' lang='lat' dir='ltr'>¹&#39;externus</span> <span class='ocrx_word' id='word_1_140' title='bbox 559 2612 578 2652; x_wconf 92' lang='lat' dir='ltr'>a</span> <span class='ocrx_word' id='word_1_141' title='bbox 595 2589 736 2654; x_wconf 80' lang='lat' dir='ltr'>Iudaeis</span> <span class='ocrx_word' id='word_1_142' title='bbox 753 2591 933 2672; x_wconf 88' lang='lat' dir='ltr'>derivatus,</span> <span class='ocrx_word' id='word_1_143' title='bbox 958 2609 984 2652; x_wconf 94' lang='lat' dir='ltr'>c.</span> <span class='ocrx_word' id='word_1_144' title='bbox 1001 2590 1160 2654; x_wconf 71' lang='grc'><strong>1111111.</strong></span> <span class='ocrx_word' id='word_1_145' title='bbox 1177 2594 1207 2662; x_wconf 79' lang='grc'><strong>,4.</strong></span> <span class='ocrx_word' id='word_1_146' title='bbox 1228 2591 1270 2654; x_wconf 90' lang='lat' dir='ltr'>de</span> <span class='ocrx_word' id='word_1_147' title='bbox 1287 2607 1437 2657; x_wconf 77' lang='lat' dir='ltr'>consecr.</span> 
     </span>
     <span class='ocr_line' id='line_1_23' title="bbox 300 2687 1332 2776; baseline -0.001 -19"><span class='ocrx_word' id='word_1_148' title='bbox 300 2691 566 2776; x_wconf 61' lang='lat' dir='ltr'>aspersorium.</span> <span class='ocrx_word' id='word_1_149' title='bbox 589 2695 709 2755; x_wconf 68' lang='lat' dir='ltr'>Moloni</span> <span class='ocrx_word' id='word_1_150' title='bbox 729 2715 754 2756; x_wconf 93' lang='lat' dir='ltr'>s.</span> <span class='ocrx_word' id='word_1_151' title='bbox 777 2693 807 2756; x_wconf 93' lang='lat' dir='ltr'>h.</span> <span class='ocrx_word' id='word_1_152' title='bbox 830 2715 862 2756; x_wconf 91' lang='lat' dir='ltr'>v.</span> <span class='ocrx_word' id='word_1_153' title='bbox 1094 2707 1097 2715; x_wconf 87' lang='lat'>&#39;</span> <span class='ocrx_word' id='word_1_154' title='bbox 1140 2709 1143 2716; x_wconf 82' lang='grc'><strong>’</strong></span> <span class='ocrx_word' id='word_1_155' title='bbox 1330 2687 1332 2691; x_wconf 65' lang='grc'><em>’</em></span> 
     </span>
    </p>

    <p class='ocr_par' dir='ltr' id='par_1_13' title="bbox 300 2793 1044 2880">
     <span class='ocr_line' id='line_1_24' title="bbox 300 2793 1044 2880; baseline 0 -20"><span class='ocrx_word' id='word_1_156' title='bbox 300 2793 553 2880; x_wconf 78' lang='lat' dir='ltr'>Aspersoriunr</span> <span class='ocrx_word' id='word_1_157' title='bbox 577 2816 666 2880; x_wconf 83' lang='lat' dir='ltr'>aqua</span> <span class='ocrx_word' id='word_1_158' title='bbox 688 2795 873 2860; x_wconf 88' lang='lat' dir='ltr'>benedicta.</span> <span class='ocrx_word' id='word_1_159' title='bbox 919 2799 1044 2861; x_wconf 80' lang='lat' dir='ltr'>Ferror.</span> 
     </span>
    </p>

    <p class='ocr_par' dir='ltr' id='par_1_14' title="bbox 300 2897 1437 2984">
     <span class='ocr_line' id='line_1_25' title="bbox 300 2897 1437 2984; baseline -0.003 -22"><span class='ocrx_word' id='word_1_160' title='bbox 300 2897 444 2984; x_wconf 66' lang='lat' dir='ltr'>lepidis</span> <span class='ocrx_word' id='word_1_161' title='bbox 466 2902 667 2984; x_wconf 87' lang='lat' dir='ltr'>proprietas,</span> <span class='ocrx_word' id='word_1_162' title='bbox 689 2919 775 2982; x_wconf 88' lang='lat' dir='ltr'>quae</span> <span class='ocrx_word' id='word_1_163' title='bbox 799 2920 912 2963; x_wconf 87' lang='lat' dir='ltr'>aurem</span> <span class='ocrx_word' id='word_1_164' title='bbox 937 2900 1077 2964; x_wconf 80' lang='lat' dir='ltr'>alteram</span> <span class='ocrx_word' id='word_1_165' title='bbox 1099 2898 1235 2964; x_wconf 89' lang='lat' dir='ltr'>inclinat</span> <span class='ocrx_word' id='word_1_166' title='bbox 1256 2899 1437 2979; x_wconf 85' lang='lat' dir='ltr'>interram,</span> 
     </span>
    </p>

    <p class='ocr_par' dir='ltr' id='par_1_15' title="bbox 309 3000 1438 3082">
     <span class='ocr_line' id='line_1_26' title="bbox 309 3000 1438 3082; baseline -0.002 -17"><span class='ocrx_word' id='word_1_167' title='bbox 309 3023 335 3056; x_wconf 85' lang='grc'>·.’</span> <span class='ocrx_word' id='word_1_168' title='bbox 386 3003 526 3065; x_wconf 89' lang='lat' dir='ltr'>alteram</span> <span class='ocrx_word' id='word_1_169' title='bbox 550 3003 708 3066; x_wconf 78' lang='lat' dir='ltr'>obsoniat</span> <span class='ocrx_word' id='word_1_170' title='bbox 732 3002 857 3082; x_wconf 85' lang='lat' dir='ltr'>cauda,</span> <span class='ocrx_word' id='word_1_171' title='bbox 886 3011 924 3066; x_wconf 90' lang='lat' dir='ltr'>ut</span> <span class='ocrx_word' id='word_1_172' title='bbox 952 3006 1210 3066; x_wconf 84' lang='lat' dir='ltr'>incantationem</span> <span class='ocrx_word' id='word_1_173' title='bbox 1233 3000 1348 3065; x_wconf 90' lang='lat' dir='ltr'>audire</span> <span class='ocrx_word' id='word_1_174' title='bbox 1371 3022 1438 3064; x_wconf 90' lang='lat' dir='ltr'>non</span> 
     </span>
    </p>

    <p class='ocr_par' dir='ltr' id='par_1_16' title="bbox 320 3096 1008 3191">
     <span class='ocr_line' id='line_1_27' title="bbox 320 3096 1008 3191; baseline 0.001 -23"><span class='ocrx_word' id='word_1_175' title='bbox 320 3109 324 3154; x_wconf 73' lang='grc' dir='ltr'><em>ἶ</em></span> <span class='ocrx_word' id='word_1_176' title='bbox 383 3096 501 3191; x_wconf 85' lang='lat' dir='ltr'>possit.</span> <span class='ocrx_word' id='word_1_177' title='bbox 525 3105 567 3190; x_wconf 84' lang='lat' dir='ltr'>gl.</span> <span class='ocrx_word' id='word_1_178' title='bbox 591 3105 642 3167; x_wconf 90' lang='lat' dir='ltr'>ad.</span> <span class='ocrx_word' id='word_1_179' title='bbox 666 3127 692 3168; x_wconf 91' lang='grc'>1.</span> <span class='ocrx_word' id='word_1_180' title='bbox 717 3107 736 3167; x_wconf 92' lang='grc'><strong>2</strong></span> <span class='ocrx_word' id='word_1_181' title='bbox 758 3109 791 3169; x_wconf 89' lang='lat' dir='ltr'>in</span> <span class='ocrx_word' id='word_1_182' title='bbox 814 3105 870 3170; x_wconf 93' lang='lat' dir='ltr'>VI.</span> <span class='ocrx_word' id='word_1_183' title='bbox 894 3107 936 3170; x_wconf 94' lang='lat' dir='ltr'>II.</span> <span class='ocrx_word' id='word_1_184' title='bbox 960 3109 1008 3170; x_wconf 80' lang='lat'>14.</span> 
     </span>
    </p>

    <p class='ocr_par' dir='ltr' id='par_1_17' title="bbox 301 3207 1437 3294">
     <span class='ocr_line' id='line_1_28' title="bbox 301 3207 1437 3294; baseline -0.002 -23"><span class='ocrx_word' id='word_1_185' title='bbox 301 3207 484 3272; x_wconf 84' lang='lat' dir='ltr'>Assassini</span> <span class='ocrx_word' id='word_1_186' title='bbox 507 3245 548 3254; x_wconf 91' lang='lat'><em>-</em></span> <span class='ocrx_word' id='word_1_187' title='bbox 572 3211 628 3293; x_wconf 91' lang='lat' dir='ltr'>qui</span> <span class='ocrx_word' id='word_1_188' title='bbox 651 3229 712 3293; x_wconf 90' lang='lat' dir='ltr'>pro</span> <span class='ocrx_word' id='word_1_189' title='bbox 726 3212 866 3294; x_wconf 88' lang='lat' dir='ltr'>pecunia</span> <span class='ocrx_word' id='word_1_190' title='bbox 888 3210 1036 3273; x_wconf 89' lang='lat' dir='ltr'>homines</span> <span class='ocrx_word' id='word_1_191' title='bbox 1060 3207 1225 3286; x_wconf 82' lang='lat' dir='ltr'>occidunt,</span> <span class='ocrx_word' id='word_1_192' title='bbox 1257 3213 1437 3271; x_wconf 75' lang='grc'><strong>11111111-</strong></span> 
     </span>
    </p>

    <p class='ocr_par' dir='ltr' id='par_1_18' title="bbox 311 3311 1434 3398">
     <span class='ocr_line' id='line_1_29' title="bbox 311 3311 1434 3398; baseline -0.002 -22"><span class='ocrx_word' id='word_1_193' title='bbox 311 3311 315 3320; x_wconf 89' lang='grc'><strong>’</strong></span> <span class='ocrx_word' id='word_1_194' title='bbox 388 3311 503 3376; x_wconf 85' lang='lat' dir='ltr'>bulum</span> <span class='ocrx_word' id='word_1_195' title='bbox 525 3311 711 3376; x_wconf 86' lang='lat' dir='ltr'>derivatum</span> <span class='ocrx_word' id='word_1_196' title='bbox 735 3334 778 3377; x_wconf 84' lang='lat' dir='ltr'>ex</span> <span class='ocrx_word' id='word_1_197' title='bbox 807 3316 937 3377; x_wconf 90' lang='lat' dir='ltr'>nomine</span> <span class='ocrx_word' id='word_1_198' title='bbox 959 3315 1097 3398; x_wconf 81' lang='lat' dir='ltr'>proprio</span> <span class='ocrx_word' id='word_1_199' title='bbox 1112 3312 1246 3394; x_wconf 78' lang='lat' dir='ltr'>linguae</span> <span class='ocrx_word' id='word_1_200' title='bbox 1263 3311 1434 3376; x_wconf 85' lang='lat' dir='ltr'>orientalis</span> 
     </span>
    </p>

    <p class='ocr_par' dir='ltr' id='par_1_19' title="bbox 311 3413 745 3480">
     <span class='ocr_line' id='line_1_30' title="bbox 311 3413 745 3480; baseline -0.005 0"><span class='ocrx_word' id='word_1_201' title='bbox 311 3413 314 3418; x_wconf 71' lang='grc'>’</span> <span class='ocrx_word' id='word_1_202' title='bbox 387 3416 512 3480; x_wconf 84' lang='grc'><strong>1.·1111</strong></span> <span class='ocrx_word' id='word_1_203' title='bbox 534 3413 608 3478; x_wconf 87' lang='lat' dir='ltr'>VI.⁰</span> <span class='ocrx_word' id='word_1_204' title='bbox 629 3414 669 3478; x_wconf 94' lang='lat' dir='ltr'>V.</span> <span class='ocrx_word' id='word_1_205' title='bbox 695 3417 745 3479; x_wconf 92' lang='grc'>11.</span> 
     </span>
    </p>

    <p class='ocr_par' dir='ltr' id='par_1_20' title="bbox 302 3515 1438 3603">
     <span class='ocr_line' id='line_1_31' title="bbox 302 3515 1438 3603; baseline 0 -23"><span class='ocrx_word' id='word_1_206' title='bbox 302 3515 513 3581; x_wconf 48' lang='grc'><strong>1155155111-</strong></span> <span class='ocrx_word' id='word_1_207' title='bbox 535 3518 815 3600; x_wconf 82' lang='lat' dir='ltr'>beneficiati,</span> <span class='ocrx_word' id='word_1_208' title='bbox 847 3521 903 3603; x_wconf 91' lang='lat' dir='ltr'>qui</span> <span class='ocrx_word' id='word_1_209' title='bbox 925 3540 991 3581; x_wconf 91' lang='lat' dir='ltr'>non</span> <span class='ocrx_word' id='word_1_210' title='bbox 1013 3525 1091 3582; x_wconf 87' lang='lat' dir='ltr'>sunt</span> <span class='ocrx_word' id='word_1_211' title='bbox 1114 3519 1262 3582; x_wconf 84' lang='lat' dir='ltr'>canonici</span> <span class='ocrx_word' id='word_1_212' title='bbox 1284 3519 1341 3602; x_wconf 93' lang='lat' dir='ltr'>qui</span> <span class='ocrx_word' id='word_1_213' title='bbox 1364 3537 1438 3581; x_wconf 87' lang='lat' dir='ltr'>ser-</span> 
     </span>
    </p>

    <p class='ocr_par' dir='ltr' id='par_1_21' title="bbox 314 3619 1439 3912">
     <span class='ocr_line' id='line_1_32' title="bbox 331 3619 1439 3702; baseline -0.005 -18"><span class='ocrx_word' id='word_1_214' title='bbox 331 3641 335 3653; x_wconf 73' lang='lat'>¹</span> <span class='ocrx_word' id='word_1_215' title='bbox 386 3619 605 3684; x_wconf 79' lang='lat' dir='ltr'>vire‘debent</span> <span class='ocrx_word' id='word_1_216' title='bbox 627 3621 789 3684; x_wconf 86' lang='lat' dir='ltr'>ecclesiae</span> <span class='ocrx_word' id='word_1_217' title='bbox 812 3641 874 3684; x_wconf 89' lang='lat' dir='ltr'>nec</span> <span class='ocrx_word' id='word_1_218' title='bbox 904 3629 1067 3686; x_wconf 85' lang='lat' dir='ltr'>vocantur</span> <span class='ocrx_word' id='word_1_219' title='bbox 1090 3621 1134 3684; x_wconf 85' lang='lat' dir='ltr'>ad</span> <span class='ocrx_word' id='word_1_220' title='bbox 1164 3623 1273 3684; x_wconf 85' lang='lat' dir='ltr'>omnia</span> <span class='ocrx_word' id='word_1_221' title='bbox 1302 3621 1439 3702; x_wconf 88' lang='lat' dir='ltr'>negotia</span> 
     </span>
     <span class='ocr_line' id='line_1_33' title="bbox 389 3722 1437 3808; baseline -0.003 -22"><span class='ocrx_word' id='word_1_222' title='bbox 389 3725 467 3786; x_wconf 79' lang='lat' dir='ltr'>cim</span> <span class='ocrx_word' id='word_1_223' title='bbox 493 3725 676 3798; x_wconf 74' lang='lat' dir='ltr'>canonicis,</span> <span class='ocrx_word' id='word_1_224' title='bbox 705 3759 746 3767; x_wconf 88' lang='lat'>—-</span> <span class='ocrx_word' id='word_1_225' title='bbox 770 3722 923 3787; x_wconf 86' lang='lat' dir='ltr'>dicuntur</span> <span class='ocrx_word' id='word_1_226' title='bbox 948 3726 1090 3806; x_wconf 87' lang='lat' dir='ltr'>assiseii,</span> <span class='ocrx_word' id='word_1_227' title='bbox 1122 3725 1218 3808; x_wconf 87' lang='lat' dir='ltr'>quasi</span> <span class='ocrx_word' id='word_1_228' title='bbox 1247 3722 1374 3787; x_wconf 84' lang='lat' dir='ltr'>assidui</span> <span class='ocrx_word' id='word_1_229' title='bbox 1397 3755 1437 3766; x_wconf 92' lang='lat'>—-</span> 
     </span>
     <span class='ocr_line' id='line_1_34' title="bbox 314 3824 1438 3912; baseline -0.004 -22"><span class='ocrx_word' id='word_1_230' title='bbox 314 3849 315 3854; x_wconf 49' lang='lat'>¹</span> <span class='ocrx_word' id='word_1_231' title='bbox 387 3829 421 3890; x_wconf 81' lang='lat' dir='ltr'>in</span> <span class='ocrx_word' id='word_1_232' title='bbox 450 3827 561 3890; x_wconf 89' lang='lat' dir='ltr'>multis</span> <span class='ocrx_word' id='word_1_233' title='bbox 587 3827 734 3890; x_wconf 86' lang='lat' dir='ltr'>eeclesiis</span> <span class='ocrx_word' id='word_1_234' title='bbox 757 3835 834 3891; x_wconf 88' lang='lat' dir='ltr'>suut</span> <span class='ocrx_word' id='word_1_235' title='bbox 857 3826 1053 3912; x_wconf 82' lang='lat' dir='ltr'>complures,</span> <span class='ocrx_word' id='word_1_236' title='bbox 1077 3829 1134 3911; x_wconf 90' lang='lat' dir='ltr'>qui</span> <span class='ocrx_word' id='word_1_237' title='bbox 1158 3824 1438 3890; x_wconf 86' lang='lat' dir='ltr'>mansionarii</span> 
     </span>
    </p>

    <p class='ocr_par' dir='ltr' id='par_1_22' title="bbox 300 3930 1040 4016">
     <span class='ocr_line' id='line_1_35' title="bbox 300 3930 1040 4016; baseline 0.003 -24"><span class='ocrx_word' id='word_1_238' title='bbox 300 3979 315 3989; x_wconf 37' lang='lat'>..</span> <span class='ocrx_word' id='word_1_239' title='bbox 389 3931 611 4016; x_wconf 84' lang='lat' dir='ltr'>appellantur.</span> <span class='ocrx_word' id='word_1_240' title='bbox 634 3930 742 4014; x_wconf 84' lang='lat' dir='ltr'>glad</span> <span class='ocrx_word' id='word_1_241' title='bbox 766 3952 791 3994; x_wconf 87' lang='lat' dir='ltr'>c.</span> <span class='ocrx_word' id='word_1_242' title='bbox 817 3932 866 3994; x_wconf 91' lang='grc'>16.</span> <span class='ocrx_word' id='word_1_243' title='bbox 889 3930 935 3994; x_wconf 92' lang='grc' dir='ltr'><strong>Χ.</strong></span> <span class='ocrx_word' id='word_1_244' title='bbox 958 3931 988 3994; x_wconf 89' lang='grc'><strong>3.</strong></span> <span class='ocrx_word' id='word_1_245' title='bbox 1011 3930 1040 3994; x_wconf 84' lang='grc'><strong>5.</strong></span> 
     </span>
    </p>

    <p class='ocr_par' dir='ltr' id='par_1_23' title="bbox 301 4031 1439 4219">
     <span class='ocr_line' id='line_1_36' title="bbox 301 4031 1439 4118; baseline -0.004 -22"><span class='ocrx_word' id='word_1_246' title='bbox 301 4031 545 4098; x_wconf 79' lang='lat' dir='ltr'>Astrolabium</span> <span class='ocrx_word' id='word_1_247' title='bbox 576 4035 697 4118; x_wconf 82' lang='lat' dir='ltr'>—qui</span> <span class='ocrx_word' id='word_1_248' title='bbox 726 4036 759 4096; x_wconf 89' lang='lat' dir='ltr'>in</span> <span class='ocrx_word' id='word_1_249' title='bbox 790 4055 829 4098; x_wconf 93' lang='lat' dir='ltr'>eo</span> <span class='ocrx_word' id='word_1_250' title='bbox 858 4031 967 4117; x_wconf 87' lang='lat' dir='ltr'>videt,</span> <span class='ocrx_word' id='word_1_251' title='bbox 997 4033 1179 4117; x_wconf 87' lang='lat' dir='ltr'>sortilegus</span> <span class='ocrx_word' id='word_1_252' title='bbox 1210 4039 1271 4096; x_wconf 88' lang='lat' dir='ltr'>est.</span> <span class='ocrx_word' id='word_1_253' title='bbox 1315 4035 1439 4094; x_wconf 73' lang='lat' dir='ltr'>Astosa-</span> 
     </span>
     <span class='ocr_line' id='line_1_37' title="bbox 386 4137 1245 4219; baseline 0.012 -23"><span class='ocrx_word' id='word_1_254' title='bbox 386 4155 443 4196; x_wconf 78' lang='lat' dir='ltr'>nus</span> <span class='ocrx_word' id='word_1_255' title='bbox 466 4156 537 4197; x_wconf 85' lang='lat' dir='ltr'>can.</span> <span class='ocrx_word' id='word_1_256' title='bbox 560 4138 739 4219; x_wconf 86' lang='lat' dir='ltr'>poenitent.</span> <span class='ocrx_word' id='word_1_257' title='bbox 762 4143 789 4210; x_wconf 72' lang='lat'>§-</span> <span class='ocrx_word' id='word_1_258' title='bbox 811 4137 861 4200; x_wconf 81' lang='lat'>39.</span> <span class='ocrx_word' id='word_1_259' title='bbox 1163 4188 1166 4204; x_wconf 82' lang='grc'><strong>.</strong></span> <span class='ocrx_word' id='word_1_260' title='bbox 1242 4198 1245 4206; x_wconf 58' lang='grc'><strong>.</strong></span> 
     </span>
    </p>

    <p class='ocr_par' dir='ltr' id='par_1_24' title="bbox 301 4235 1437 4326">
     <span class='ocr_line' id='line_1_38' title="bbox 301 4235 1437 4326; baseline -0.009 -21"><span class='ocrx_word' id='word_1_261' title='bbox 301 4239 462 4318; x_wconf 80' lang='lat' dir='ltr'>Asylata,</span> <span class='ocrx_word' id='word_1_262' title='bbox 478 4240 497 4300; x_wconf 88' lang='lat' dir='ltr'>i.</span> <span class='ocrx_word' id='word_1_263' title='bbox 512 4249 548 4308; x_wconf 74' lang='grc'>’1.</span> <span class='ocrx_word' id='word_1_264' title='bbox 570 4237 835 4326; x_wconf 83' lang='lat' dir='ltr'>insolubilia.</span> <span class='ocrx_word' id='word_1_265' title='bbox 859 4243 1075 4317; x_wconf 75' lang='lat' dir='ltr'>Hoppeursiu</span> <span class='ocrx_word' id='word_1_266' title='bbox 1096 4245 1303 4304; x_wconf 79' lang='lat' dir='ltr'>tractatuum</span> <span class='ocrx_word' id='word_1_267' title='bbox 1330 4235 1387 4302; x_wconf 82' lang='lat' dir='ltr'>lib.</span> <span class='ocrx_word' id='word_1_268' title='bbox 1410 4236 1437 4298; x_wconf 86' lang='grc'><strong>2.</strong></span> 
     </span>
    </p>

    <p class='ocr_par' dir='ltr' id='par_1_25' title="bbox 301 4340 1439 4428">
     <span class='ocr_line' id='line_1_39' title="bbox 301 4340 1439 4428; baseline -0.004 -21"><span class='ocrx_word' id='word_1_269' title='bbox 301 4343 472 4424; x_wconf 83' lang='lat' dir='ltr'>Asylum:</span> <span class='ocrx_word' id='word_1_270' title='bbox 496 4361 562 4426; x_wconf 89' lang='lat' dir='ltr'>quo</span> <span class='ocrx_word' id='word_1_271' title='bbox 592 4340 735 4406; x_wconf 88' lang='lat' dir='ltr'>ccclesia</span> <span class='ocrx_word' id='word_1_272' title='bbox 756 4342 1011 4428; x_wconf 76' lang='lat' dir='ltr'>,quodammodo</span> <span class='ocrx_word' id='word_1_273' title='bbox 1038 4363 1098 4412; x_wconf 83' lang='lat' dir='ltr'>cos</span> <span class='ocrx_word' id='word_1_274' title='bbox 1117 4341 1305 4422; x_wconf 69' lang='lat' dir='ltr'>tenebam,</span> <span class='ocrx_word' id='word_1_275' title='bbox 1328 4340 1439 4428; x_wconf 89' lang='lat' dir='ltr'>quiin</span> 
     </span>
    </p>
   </div>
   <div class='ocr_carea' id='block_1_3' title="bbox 0 0 1558 5138">
    <p class='ocr_par' dir='ltr' id='par_1_26' title="bbox 0 0 1558 5138">
     <span class='ocr_line' id='line_1_40' title="bbox 0 0 1558 5138; baseline 0 0"><span class='ocrx_word' id='word_1_276' title='bbox 0 0 1558 5138; x_wconf 95' lang='lat' dir='ltr'> </span> 
     </span>
    </p>
   </div>
  </div>
 </body>
</html>
