<?xml version="1.0" encoding="UTF-8"?>
<!DOCTYPE html PUBLIC "-//W3C//DTD XHTML 1.0 Transitional//EN"
    "http://www.w3.org/TR/xhtml1/DTD/xhtml1-transitional.dtd">
<html xmlns="http://www.w3.org/1999/xhtml" xml:lang="en" lang="en">
 <head>
  <title>
</title>
<meta http-equiv="Content-Type" content="text/html;charset=utf-8" />
  <meta name='ocr-system' content='tesseract 3.04.00' />
  <meta name='ocr-capabilities' content='ocr_page ocr_carea ocr_par ocr_line ocrx_word'/>
</head>
<body>
  <div class='ocr_page' id='page_1' title='image "./manualelatinita00rossgoog_0229.png"; bbox 0 0 3088 5140; ppageno 0'>
   <div class='ocr_carea' id='block_1_1' title="bbox 713 1229 1020 1312">
    <p class='ocr_par' dir='ltr' id='par_1_1' title="bbox 713 1229 1020 1312">
     <span class='ocr_line' id='line_1_1' title="bbox 713 1229 1020 1312; baseline -0.003 -1"><span class='ocrx_word' id='word_1_1' title='bbox 713 1229 1020 1312; x_wconf 78' lang='lat' dir='ltr'><strong>Adnotatio.</strong></span> 
     </span>
    </p>
   </div>
   <div class='ocr_carea' id='block_1_2' title="bbox 200 1579 1530 2817">
    <p class='ocr_par' dir='ltr' id='par_1_2' title="bbox 298 1579 1530 1974">
     <span class='ocr_line' id='line_1_2' title="bbox 384 1579 1440 1684; baseline -0.005 -21"><span class='ocrx_word' id='word_1_2' title='bbox 384 1597 423 1663; x_wconf 93' lang='lat' dir='ltr'><strong>In</strong></span> <span class='ocrx_word' id='word_1_3' title='bbox 440 1579 561 1662; x_wconf 54' lang='lat' dir='ltr'><strong>*nostro</strong></span> <span class='ocrx_word' id='word_1_4' title='bbox 574 1596 783 1684; x_wconf 67' lang='lat' dir='ltr'><strong>praefatione</strong></span> <span class='ocrx_word' id='word_1_5' title='bbox 793 1596 866 1681; x_wconf 83' lang='lat' dir='ltr'><strong>jem</strong></span> <span class='ocrx_word' id='word_1_6' title='bbox 881 1597 1070 1683; x_wconf 79' lang='lat' dir='ltr'><strong>expositum</strong></span> <span class='ocrx_word' id='word_1_7' title='bbox 1086 1602 1149 1676; x_wconf 85' lang='lat' dir='ltr'><strong>eet,</strong></span> <span class='ocrx_word' id='word_1_8' title='bbox 1171 1591 1338 1660; x_wconf 82' lang='lat' dir='ltr'><strong>voeabula</strong></span> <span class='ocrx_word' id='word_1_9' title='bbox 1358 1592 1440 1680; x_wconf 87' lang='lat' dir='ltr'><strong>plu-</strong></span> 
     </span>
     <span class='ocr_line' id='line_1_3' title="bbox 299 1695 1530 1786; baseline -0.004 -19"><span class='ocrx_word' id='word_1_10' title='bbox 299 1704 383 1768; x_wconf 86' lang='lat' dir='ltr'><strong>rima</strong></span> <span class='ocrx_word' id='word_1_11' title='bbox 397 1703 430 1766; x_wconf 91' lang='lat' dir='ltr'><strong>in</strong></span> <span class='ocrx_word' id='word_1_12' title='bbox 451 1701 514 1766; x_wconf 91' lang='lat' dir='ltr'><strong>hoo</strong></span> <span class='ocrx_word' id='word_1_13' title='bbox 525 1698 670 1766; x_wconf 78' lang='lat' dir='ltr'><strong>manuali</strong></span> <span class='ocrx_word' id='word_1_14' title='bbox 681 1698 852 1786; x_wconf 80' lang='lat' dir='ltr'><strong>explicato</strong></span> <span class='ocrx_word' id='word_1_15' title='bbox 864 1701 1026 1785; x_wconf 77' lang='lat' dir='ltr'><strong>originem</strong></span> <span class='ocrx_word' id='word_1_16' title='bbox 1041 1699 1200 1764; x_wconf 86' lang='lat' dir='ltr'><strong>eumeieee</strong></span> <span class='ocrx_word' id='word_1_17' title='bbox 1214 1695 1302 1763; x_wconf 84' lang='lat' dir='ltr'><strong>vela</strong></span> <span class='ocrx_word' id='word_1_18' title='bbox 1322 1696 1439 1766; x_wconf 85' lang='lat' dir='ltr'><strong>verbis</strong></span> <span class='ocrx_word' id='word_1_19' title='bbox 1529 1697 1530 1702; x_wconf 76' lang='grc'>’</span> 
     </span>
     <span class='ocr_line' id='line_1_4' title="bbox 298 1761 1530 1890; baseline -0.002 -22"><span class='ocrx_word' id='word_1_20' title='bbox 298 1805 431 1890; x_wconf 83' lang='lat' dir='ltr'><strong>linguae</strong></span> <span class='ocrx_word' id='word_1_21' title='bbox 455 1821 598 1890; x_wconf 76' lang='lat' dir='ltr'><strong>graecae</strong></span> <span class='ocrx_word' id='word_1_22' title='bbox 620 1801 675 1870; x_wconf 90' lang='lat' dir='ltr'><strong>vel</strong></span> <span class='ocrx_word' id='word_1_23' title='bbox 697 1823 741 1870; x_wconf 82' lang='lat' dir='ltr'><strong>ex</strong></span> <span class='ocrx_word' id='word_1_24' title='bbox 761 1822 850 1870; x_wconf 87' lang='lat' dir='ltr'><strong>nova</strong></span> <span class='ocrx_word' id='word_1_25' title='bbox 870 1800 1037 1868; x_wconf 75' lang='lat' dir='ltr'><strong>latinitate</strong></span> <span class='ocrx_word' id='word_1_26' title='bbox 1059 1800 1248 1885; x_wconf 88' lang='lat' dir='ltr'><strong>verborum,</strong></span> <span class='ocrx_word' id='word_1_27' title='bbox 1283 1791 1371 1888; x_wconf 77' lang='lat' dir='ltr'><strong>quoe</strong></span> <span class='ocrx_word' id='word_1_28' title='bbox 1393 1800 1439 1866; x_wconf 82' lang='lat' dir='ltr'><strong>ab</strong></span> <span class='ocrx_word' id='word_1_29' title='bbox 1528 1761 1530 1852; x_wconf 57' lang='lat' dir='ltr'><strong>l</strong></span> 
     </span>
     <span class='ocr_line' id='line_1_5' title="bbox 300 1901 1530 1974; baseline -0.002 -2"><span class='ocrx_word' id='word_1_30' title='bbox 300 1906 441 1974; x_wconf 83' lang='lat' dir='ltr'><strong>enoleeia</strong></span> <span class='ocrx_word' id='word_1_31' title='bbox 459 1906 611 1972; x_wconf 81' lang='lat' dir='ltr'><strong>Romano</strong></span> <span class='ocrx_word' id='word_1_32' title='bbox 632 1909 667 1970; x_wconf 92' lang='lat' dir='ltr'><strong>in</strong></span> <span class='ocrx_word' id='word_1_33' title='bbox 688 1925 784 1974; x_wconf 83' lang='lat' dir='ltr'><strong>auum</strong></span> <span class='ocrx_word' id='word_1_34' title='bbox 804 1926 901 1972; x_wconf 89' lang='lat' dir='ltr'><strong>uaum</strong></span> <span class='ocrx_word' id='word_1_35' title='bbox 923 1905 1077 1972; x_wconf 81' lang='lat' dir='ltr'><strong>confecto</strong></span> <span class='ocrx_word' id='word_1_36' title='bbox 1099 1911 1185 1972; x_wconf 75' lang='lat' dir='ltr'><strong>eunt</strong></span> <span class='ocrx_word' id='word_1_37' title='bbox 1529 1901 1530 1910; x_wconf 75' lang='grc'>’</span> 
     </span>
    </p>

    <p class='ocr_par' dir='ltr' id='par_1_3' title="bbox 298 1973 1530 2386">
     <span class='ocr_line' id='line_1_6' title="bbox 387 2006 1439 2096; baseline -0.003 -21"><span class='ocrx_word' id='word_1_38' title='bbox 387 2007 495 2088; x_wconf 82' lang='lat' dir='ltr'><strong>Quem</strong></span> <span class='ocrx_word' id='word_1_39' title='bbox 523 2011 557 2074; x_wconf 92' lang='lat' dir='ltr'><strong>in</strong></span> <span class='ocrx_word' id='word_1_40' title='bbox 594 2009 693 2074; x_wconf 87' lang='lat' dir='ltr'><strong>finem</strong></span> <span class='ocrx_word' id='word_1_41' title='bbox 729 2007 842 2076; x_wconf 83' lang='lat' dir='ltr'><strong>brevis</strong></span> <span class='ocrx_word' id='word_1_42' title='bbox 877 2007 1072 2096; x_wconf 82' lang='lat' dir='ltr'><strong>complexus</strong></span> <span class='ocrx_word' id='word_1_43' title='bbox 1103 2007 1222 2074; x_wconf 85' lang='lat' dir='ltr'><strong>horum</strong></span> <span class='ocrx_word' id='word_1_44' title='bbox 1257 2006 1439 2072; x_wconf 87' lang='lat' dir='ltr'><strong>verborum</strong></span> 
     </span>
     <span class='ocr_line' id='line_1_7' title="bbox 299 2111 1530 2198; baseline -0.003 -20"><span class='ocrx_word' id='word_1_45' title='bbox 299 2112 518 2196; x_wconf 86' lang='lat' dir='ltr'><strong>Lectoribus,</strong></span> <span class='ocrx_word' id='word_1_46' title='bbox 548 2111 657 2178; x_wconf 89' lang='lat' dir='ltr'><strong>illud</strong></span> <span class='ocrx_word' id='word_1_47' title='bbox 694 2117 856 2178; x_wconf 85' lang='lat' dir='ltr'><strong>tantum</strong></span> <span class='ocrx_word' id='word_1_48' title='bbox 884 2111 1154 2198; x_wconf 77' lang='lat' dir='ltr'><strong>respicientibus,</strong></span> <span class='ocrx_word' id='word_1_49' title='bbox 1187 2111 1339 2194; x_wconf 82' lang='lat' dir='ltr'><strong>offertur,</strong></span> <span class='ocrx_word' id='word_1_50' title='bbox 1371 2129 1440 2176; x_wconf 86' lang='lat' dir='ltr'><strong>nou</strong></span> <span class='ocrx_word' id='word_1_51' title='bbox 1529 2117 1530 2122; x_wconf 77' lang='grc'>’</span> 
     </span>
     <span class='ocr_line' id='line_1_8' title="bbox 298 2211 1439 2302; baseline -0.001 -22"><span class='ocrx_word' id='word_1_52' title='bbox 298 2236 377 2300; x_wconf 75' lang='lat' dir='ltr'><strong>vero</strong></span> <span class='ocrx_word' id='word_1_53' title='bbox 399 2215 508 2282; x_wconf 84' lang='lat' dir='ltr'><strong>Index</strong></span> <span class='ocrx_word' id='word_1_54' title='bbox 520 2219 673 2299; x_wconf 90' lang='lat' dir='ltr'><strong>omnium,</strong></span> <span class='ocrx_word' id='word_1_55' title='bbox 696 2235 784 2302; x_wconf 84' lang='lat' dir='ltr'><strong>quoe</strong></span> <span class='ocrx_word' id='word_1_56' title='bbox 799 2214 995 2282; x_wconf 86' lang='lat' dir='ltr'><strong>hiolibellue</strong></span> <span class='ocrx_word' id='word_1_57' title='bbox 1009 2217 1166 2298; x_wconf 84' lang='lat' dir='ltr'><strong>eontinet,</strong></span> <span class='ocrx_word' id='word_1_58' title='bbox 1187 2211 1439 2282; x_wconf 82' lang='lat' dir='ltr'><strong>Vocabulorum</strong></span> 
     </span>
     <span class='ocr_line' id='line_1_9' title="bbox 298 2317 483 2386; baseline -0.005 -2"><span class='ocrx_word' id='word_1_59' title='bbox 298 2317 483 2386; x_wconf 86' lang='lat' dir='ltr'><strong>exhibetur.</strong></span> 
     </span>
    </p>

    <p class='ocr_par' dir='ltr' id='par_1_4' title="bbox 200 2418 1440 2817">
     <span class='ocr_line' id='line_1_10' title="bbox 200 2418 1440 2509; baseline -0.002 -23"><span class='ocrx_word' id='word_1_60' title='bbox 200 2421 203 2428; x_wconf 88' lang='lat'>&#39;</span> <span class='ocrx_word' id='word_1_61' title='bbox 383 2421 439 2486; x_wconf 89' lang='lat' dir='ltr'><strong>Ad</strong></span> <span class='ocrx_word' id='word_1_62' title='bbox 456 2421 492 2486; x_wconf 90' lang='lat' dir='ltr'><strong>id</strong></span> <span class='ocrx_word' id='word_1_63' title='bbox 508 2441 642 2509; x_wconf 86' lang='lat' dir='ltr'><strong>quoque</strong></span> <span class='ocrx_word' id='word_1_64' title='bbox 659 2425 879 2509; x_wconf 78' lang='lat' dir='ltr'><strong>respeximus,</strong></span> <span class='ocrx_word' id='word_1_65' title='bbox 901 2429 949 2506; x_wconf 82' lang='lat' dir='ltr'><strong>ut,</strong></span> <span class='ocrx_word' id='word_1_66' title='bbox 971 2425 1000 2488; x_wconf 87' lang='lat' dir='ltr'><strong>ei</strong></span> <span class='ocrx_word' id='word_1_67' title='bbox 1021 2421 1127 2488; x_wconf 84' lang='lat' dir='ltr'><strong>lector</strong></span> <span class='ocrx_word' id='word_1_68' title='bbox 1144 2437 1336 2507; x_wconf 79' lang='lat' dir='ltr'><strong>comparare</strong></span> <span class='ocrx_word' id='word_1_69' title='bbox 1351 2418 1440 2486; x_wconf 87' lang='lat' dir='ltr'><strong>velit</strong></span> 
     </span>
     <span class='ocr_line' id='line_1_11' title="bbox 297 2523 1439 2612; baseline -0.003 -22"><span class='ocrx_word' id='word_1_70' title='bbox 297 2523 429 2591; x_wconf 79' lang='lat' dir='ltr'><strong>Indicos</strong></span> <span class='ocrx_word' id='word_1_71' title='bbox 457 2523 618 2592; x_wconf 89' lang='lat' dir='ltr'><strong>librorum</strong></span> <span class='ocrx_word' id='word_1_72' title='bbox 640 2525 946 2610; x_wconf 83' lang='lat' dir='ltr'><strong>celeberrimorum,</strong></span> <span class='ocrx_word' id='word_1_73' title='bbox 978 2527 1035 2612; x_wconf 87' lang='lat' dir='ltr'><strong>qui</strong></span> <span class='ocrx_word' id='word_1_74' title='bbox 1062 2524 1126 2592; x_wconf 78' lang='lat' dir='ltr'><strong>hoo</strong></span> <span class='ocrx_word' id='word_1_75' title='bbox 1149 2523 1192 2591; x_wconf 87' lang='lat' dir='ltr'><strong>de</strong></span> <span class='ocrx_word' id='word_1_76' title='bbox 1219 2528 1439 2605; x_wconf 80' lang='lat' dir='ltr'><strong>retractent,</strong></span> 
     </span>
     <span class='ocr_line' id='line_1_12' title="bbox 298 2625 1439 2713; baseline -0.003 -20"><span class='ocrx_word' id='word_1_77' title='bbox 298 2627 446 2712; x_wconf 89' lang='lat' dir='ltr'><strong>exempli</strong></span> <span class='ocrx_word' id='word_1_78' title='bbox 467 2631 586 2713; x_wconf 54' lang='lat' dir='ltr'><strong>gratia,</strong></span> <span class='ocrx_word' id='word_1_79' title='bbox 599 2628 759 2694; x_wconf 89' lang='lat' dir='ltr'><strong>librorum</strong></span> <span class='ocrx_word' id='word_1_80' title='bbox 787 2627 1015 2712; x_wconf 84' lang='lat' dir='ltr'><strong>Thomeeeini,</strong></span> <span class='ocrx_word' id='word_1_81' title='bbox 1044 2627 1198 2694; x_wconf 79' lang='lat' dir='ltr'><strong>Ferraria</strong></span> <span class='ocrx_word' id='word_1_82' title='bbox 1229 2634 1262 2692; x_wconf 88' lang='lat' dir='ltr'><strong>et</strong></span> <span class='ocrx_word' id='word_1_83' title='bbox 1283 2625 1439 2708; x_wconf 78' lang='lat' dir='ltr'><strong>eliorum,</strong></span> 
     </span>
     <span class='ocr_line' id='line_1_13' title="bbox 298 2728 1440 2817; baseline -0.003 -21"><span class='ocrx_word' id='word_1_84' title='bbox 298 2733 518 2797; x_wconf 83' lang='lat' dir='ltr'><strong>certissimum</strong></span> <span class='ocrx_word' id='word_1_85' title='bbox 539 2733 605 2816; x_wconf 83' lang='lat' dir='ltr'><strong>ipsi</strong></span> <span class='ocrx_word' id='word_1_86' title='bbox 625 2730 695 2816; x_wconf 86' lang='lat' dir='ltr'><strong>flat,</strong></span> <span class='ocrx_word' id='word_1_87' title='bbox 717 2737 852 2797; x_wconf 84' lang='lat' dir='ltr'><strong>nostroe</strong></span> <span class='ocrx_word' id='word_1_88' title='bbox 874 2731 1009 2798; x_wconf 80' lang='lat' dir='ltr'><strong>labores</strong></span> <span class='ocrx_word' id='word_1_89' title='bbox 1031 2734 1065 2798; x_wconf 88' lang='lat' dir='ltr'><strong>in</strong></span> <span class='ocrx_word' id='word_1_90' title='bbox 1094 2728 1307 2817; x_wconf 85' lang='lat' dir='ltr'><strong>exquirendis</strong></span> <span class='ocrx_word' id='word_1_91' title='bbox 1326 2749 1440 2794; x_wconf 83' lang='lat' dir='ltr'><strong>voea-</strong></span> 
     </span>
    </p>
   </div>
   <div class='ocr_carea' id='block_1_3' title="bbox 293 2831 1528 3544">
    <p class='ocr_par' dir='ltr' id='par_1_5' title="bbox 297 2831 1528 3232">
     <span class='ocr_line' id='line_1_14' title="bbox 297 2831 1528 2928; baseline -0.001 -30"><span class='ocrx_word' id='word_1_92' title='bbox 297 2832 385 2898; x_wconf 86' lang='lat' dir='ltr'><strong>bulis</strong></span> <span class='ocrx_word' id='word_1_93' title='bbox 403 2833 490 2918; x_wconf 85' lang='lat' dir='ltr'><strong>juris</strong></span> <span class='ocrx_word' id='word_1_94' title='bbox 514 2831 675 2900; x_wconf 85' lang='lat' dir='ltr'><strong>Canonini</strong></span> <span class='ocrx_word' id='word_1_95' title='bbox 699 2841 733 2902; x_wconf 88' lang='lat' dir='ltr'><strong>et</strong></span> <span class='ocrx_word' id='word_1_96' title='bbox 761 2835 952 2920; x_wconf 82' lang='lat' dir='ltr'><strong>theologiae</strong></span> <span class='ocrx_word' id='word_1_97' title='bbox 980 2855 1046 2902; x_wconf 90' lang='lat' dir='ltr'><strong>non</strong></span> <span class='ocrx_word' id='word_1_98' title='bbox 1075 2836 1184 2902; x_wconf 82' lang='lat' dir='ltr'><strong>fuisse</strong></span> <span class='ocrx_word' id='word_1_99' title='bbox 1215 2838 1284 2902; x_wconf 84' lang='lat' dir='ltr'><strong>eine</strong></span> <span class='ocrx_word' id='word_1_100' title='bbox 1311 2834 1439 2899; x_wconf 77' lang='lat' dir='ltr'><strong>fructu.</strong></span> <span class='ocrx_word' id='word_1_101' title='bbox 1527 2919 1528 2928; x_wconf 8' lang='grc' dir='ltr'>ἵ</span> 
     </span>
     <span class='ocr_line' id='line_1_15' title="bbox 297 2934 1440 3027; baseline 0 -27"><span class='ocrx_word' id='word_1_102' title='bbox 297 2934 518 3002; x_wconf 88' lang='lat' dir='ltr'><strong>Ad&#39;indioem</strong></span> <span class='ocrx_word' id='word_1_103' title='bbox 539 2937 693 3004; x_wconf 81' lang='lat' dir='ltr'><strong>Ferraria</strong></span> <span class='ocrx_word' id='word_1_104' title='bbox 716 2938 945 3022; x_wconf 80' lang='lat' dir='ltr'><strong>observamus,</strong></span> <span class='ocrx_word' id='word_1_105' title='bbox 968 2959 1059 3023; x_wconf 86' lang='lat' dir='ltr'><strong>eum,</strong></span> <span class='ocrx_word' id='word_1_106' title='bbox 1083 2942 1141 3026; x_wconf 91' lang='lat' dir='ltr'><strong>qui</strong></span> <span class='ocrx_word' id='word_1_107' title='bbox 1162 2938 1346 3027; x_wconf 81' lang='lat' dir='ltr'><strong>appellatur</strong></span> <span class='ocrx_word' id='word_1_108' title='bbox 1387 2943 1440 3006; x_wconf 87' lang='lat' dir='ltr'><strong>est</strong></span> 
     </span>
     <span class='ocr_line' id='line_1_16' title="bbox 298 3039 1438 3128; baseline 0 -24"><span class='ocrx_word' id='word_1_109' title='bbox 298 3039 475 3123; x_wconf 83' lang='lat' dir='ltr'><strong>generalis,</strong></span> <span class='ocrx_word' id='word_1_110' title='bbox 499 3039 765 3126; x_wconf 84' lang='lat' dir='ltr'><strong>supplementum</strong></span> <span class='ocrx_word' id='word_1_111' title='bbox 787 3061 921 3128; x_wconf 86' lang='lat' dir='ltr'><strong>quoque</strong></span> <span class='ocrx_word' id='word_1_112' title='bbox 941 3044 976 3106; x_wconf 91' lang='lat' dir='ltr'><strong>in</strong></span> <span class='ocrx_word' id='word_1_113' title='bbox 997 3064 1034 3110; x_wconf 83' lang='lat' dir='ltr'><strong>ee</strong></span> <span class='ocrx_word' id='word_1_114' title='bbox 1054 3040 1181 3108; x_wconf 87' lang='lat' dir='ltr'><strong>habere</strong></span> <span class='ocrx_word' id='word_1_115' title='bbox 1195 3043 1304 3128; x_wconf 84' lang='lat' dir='ltr'><strong>operia</strong></span> <span class='ocrx_word' id='word_1_116' title='bbox 1324 3041 1438 3125; x_wconf 83' lang='lat' dir='ltr'><strong>ipsius</strong></span> 
     </span>
     <span class='ocr_line' id='line_1_17' title="bbox 298 3141 1343 3232; baseline -0.002 -24"><span class='ocrx_word' id='word_1_117' title='bbox 298 3149 332 3208; x_wconf 88' lang='lat' dir='ltr'><strong>et</strong></span> <span class='ocrx_word' id='word_1_118' title='bbox 351 3141 453 3210; x_wconf 78' lang='lat' dir='ltr'><strong>multo</strong></span> <span class='ocrx_word' id='word_1_119' title='bbox 474 3145 635 3230; x_wconf 86' lang='lat' dir='ltr'><strong>proferre,</strong></span> <span class='ocrx_word' id='word_1_120' title='bbox 658 3164 746 3230; x_wconf 84' lang='lat' dir='ltr'><strong>quae</strong></span> <span class='ocrx_word' id='word_1_121' title='bbox 767 3148 802 3210; x_wconf 90' lang='lat' dir='ltr'><strong>in</strong></span> <span class='ocrx_word' id='word_1_122' title='bbox 823 3165 925 3231; x_wconf 90' lang='lat' dir='ltr'><strong>opere</strong></span> <span class='ocrx_word' id='word_1_123' title='bbox 944 3149 1018 3232; x_wconf 87' lang='lat' dir='ltr'><strong>ipeo</strong></span> <span class='ocrx_word' id='word_1_124' title='bbox 1040 3167 1106 3212; x_wconf 90' lang='lat' dir='ltr'><strong>nnn</strong></span> <span class='ocrx_word' id='word_1_125' title='bbox 1129 3148 1343 3212; x_wconf 85' lang='lat' dir='ltr'><strong>eontinentur.</strong></span> 
     </span>
    </p>

    <p class='ocr_par' dir='ltr' id='par_1_6' title="bbox 293 3245 1437 3544">
     <span class='ocr_line' id='line_1_18' title="bbox 382 3245 1437 3333; baseline 0.001 -23"><span class='ocrx_word' id='word_1_126' title='bbox 382 3245 535 3331; x_wconf 89' lang='lat' dir='ltr'><strong>Denique</strong></span> <span class='ocrx_word' id='word_1_127' title='bbox 556 3250 590 3312; x_wconf 95' lang='lat' dir='ltr'><strong>in</strong></span> <span class='ocrx_word' id='word_1_128' title='bbox 604 3246 765 3314; x_wconf 85' lang='lat' dir='ltr'><strong>lentorum</strong></span> <span class='ocrx_word' id='word_1_129' title='bbox 776 3267 872 3314; x_wconf 88' lang='lat' dir='ltr'><strong>ueum</strong></span> <span class='ocrx_word' id='word_1_130' title='bbox 884 3247 1225 3333; x_wconf 83' lang='lat' dir='ltr'><strong>quaedamvoeabula</strong></span> <span class='ocrx_word' id='word_1_131' title='bbox 1236 3247 1437 3333; x_wconf 76' lang='lat' dir='ltr'><strong>adjunxisse</strong></span> 
     </span>
     <span class='ocr_line' id='line_1_19' title="bbox 293 3347 1437 3438; baseline 0.002 -26"><span class='ocrx_word' id='word_1_132' title='bbox 293 3347 438 3432; x_wconf 83' lang='lat' dir='ltr'><strong>juvabit,</strong></span> <span class='ocrx_word' id='word_1_133' title='bbox 461 3369 548 3435; x_wconf 89' lang='lat' dir='ltr'><strong>quae</strong></span> <span class='ocrx_word' id='word_1_134' title='bbox 571 3349 615 3414; x_wconf 89' lang='lat' dir='ltr'><strong>ad</strong></span> <span class='ocrx_word' id='word_1_135' title='bbox 643 3350 756 3416; x_wconf 80' lang='lat' dir='ltr'><strong>studia</strong></span> <span class='ocrx_word' id='word_1_136' title='bbox 787 3349 986 3418; x_wconf 82' lang='lat' dir='ltr'><strong>Germaniae</strong></span> <span class='ocrx_word' id='word_1_137' title='bbox 1014 3355 1049 3416; x_wconf 93' lang='lat' dir='ltr'><strong>in</strong></span> <span class='ocrx_word' id='word_1_138' title='bbox 1073 3352 1150 3438; x_wconf 86' lang='lat' dir='ltr'><strong>jure</strong></span> <span class='ocrx_word' id='word_1_139' title='bbox 1172 3349 1341 3420; x_wconf 77' lang='lat' dir='ltr'><strong>canonico</strong></span> <span class='ocrx_word' id='word_1_140' title='bbox 1372 3370 1437 3436; x_wconf 86' lang='lat' dir='ltr'><strong>per</strong></span> 
     </span>
     <span class='ocr_line' id='line_1_20' title="bbox 297 3451 1225 3544; baseline 0.008 -30"><span class='ocrx_word' id='word_1_141' title='bbox 297 3451 441 3518; x_wconf 90' lang='lat' dir='ltr'><strong>medium</strong></span> <span class='ocrx_word' id='word_1_142' title='bbox 463 3471 582 3520; x_wconf 85' lang='lat' dir='ltr'><strong>aevum</strong></span> <span class='ocrx_word' id='word_1_143' title='bbox 604 3455 782 3540; x_wconf 87' lang='lat' dir='ltr'><strong>portinent,</strong></span> <span class='ocrx_word' id='word_1_144' title='bbox 804 3457 949 3542; x_wconf 80' lang='lat' dir='ltr'><strong>propriis</strong></span> <span class='ocrx_word' id='word_1_145' title='bbox 970 3457 1059 3544; x_wconf 81' lang='lat' dir='ltr'><strong>typis</strong></span> <span class='ocrx_word' id='word_1_146' title='bbox 1083 3457 1225 3541; x_wconf 76' lang='lat' dir='ltr'><strong>signata</strong></span> 
     </span>
    </p>
   </div>
   <div class='ocr_carea' id='block_1_4' title="bbox 0 0 1548 5140">
    <p class='ocr_par' dir='ltr' id='par_1_7' title="bbox 0 0 1548 5140">
     <span class='ocr_line' id='line_1_21' title="bbox 0 0 1548 5140; baseline 0 1"><span class='ocrx_word' id='word_1_147' title='bbox 0 0 1548 5140; x_wconf 95' lang='lat' dir='ltr'><strong> </strong></span> 
     </span>
    </p>
   </div>
  </div>
 </body>
</html>
