3108 5138
686 312 748 372 W.

136 471 282 538 sitiones
295 477 299 486 '
313 467 518 555 singulorum
549 466 789 536 vocabulorum
818 474 898 536 suut
926 467 1178 540 fundamentum
1202 471 1284 538 artis

134 589 325 675 horitrius,
346 593 395 656 ita
418 590 562 676 quidem,
585 598 623 658 nt
646 611 690 658 ex
713 591 932 676 grammatica
949 591 1067 676 juncta
1090 589 1188 658 simul
1207 609 1285 658 cum

134 715 253 799 prime
281 714 489 780 institutione
525 711 777 779 mathematicos
813 710 926 780 studia
959 713 1117 798 primaria
1145 717 1284 780 nostres

129 834 326 919 juventutis
340 831 522 918 prodeant
543 853 653 919 neque
672 831 868 900 deteriorari
901 831 1049 900 debeant
1080 829 1284 918 explicatio-

135 953 241 1020 nibus
253 971 378 1036 eorum,
401 954 458 1038 qui
477 953 572 1021 facta
594 952 756 1022 historica
784 973 852 1020 non
883 959 1060 1035 enarrant,
1091 949 1154 1018 sed
1174 951 1284 1020 histo·-

134 1077 228 1140 riam
248 1075 315 1160 ipsi
338 1081 541 1142 construunt

230 1193 414 1259 Praeterea
436 1214 478 1259 ne
501 1193 582 1285 quid
606 1193 750 1277 deesset,
776 1200 856 1280 post
876 1199 929 1258 tot
949 1191 1084 1258 labores
1108 1191 1282 1258 diuturnos

139 1336 186 1379 ac
208 1312 361 1379 difficiles
384 1313 428 1378 ad
449 1316 574 1379 tirones
605 1311 805 1382 erudiendos
834 1309 960 1379 addere
988 1311 1116 1400 placuit
1145 1314 1284 1399 exposi-

136 1437 266 1500 tionem
284 1435 371 1520 juris
394 1432 555 1501 Canonici
576 1440 734 1521 respectu
745 1432 860 1499 habito
878 1433 978 1498 medii
1000 1435 1075 1499 aevi
1090 1439 1126 1497 et
1146 1439 1284 1498 nostro·

135 1575 216 1622 rum
237 1561 424 1641 temporum
438 1554 626 1622 ‚vernaculo
649 1574 802 1622 sermone
824 1556 984 1641 scriptam
1017 1561 1051 1622 et
1071 1552 1282 1642 praefatione

136 1672 324 1741 vernacula
346 1678 552 1742 instructam.

228 1795 292 1860 His
314 1816 395 1861 vero
419 1796 571 1862 omnibus
594 1795 676 1862 nihil
698 1795 789 1862 aliud
818 1797 986 1883 spectavit
1014 1801 1150 1880 auctor,
1182 1815 1283 1882 quam

138 1921 182 1981 ut
199 1915 379 2000 juvenibus
410 1917 586 2002 studiosis,
619 1921 677 2006 qui
704 1917 749 1983 ad
778 1917 863 1983 haec
893 1915 1071 1983 tractanda
1101 1914 1281 2004 aliquando

139 2041 309 2105 accessuri
331 2041 407 2122 sint,
430 2042 519 2103 viem
542 2042 687 2126 aperiret
709 2060 814 2127 seque
827 2038 948 2130 ¹ducem
971 2046 1086 2126 aptum
1101 2046 1134 2105 et
1147 2057 1282 2104 accom-

139 2159 313 2226 modatum
334 2157 452 2226 iisdem
473 2146 645 2245 proliaret.

230 2348 559 2435 Heidelbergae
582 2351 631 2416 11.
654 2349 769 2416 Martii
793 2349 886 2416 1862.

226 2641 303 2708 Hoc
338 2640 451 2709 libello
482 2644 572 2729 typis
598 2641 670 2728 jam
706 2660 870 2728 expresso
904 2644 1162 2730 -recepimus
1195 2659 1279 2732 opus

137 2763 281 2830 Parisiis
304 2783 410 2850 nuper
431 2761 556 2830 editum

456 2881 650 2964 „Addenda
672 2879 808 2948 Lexicis
830 2879 967 2948 Latinis

428 3006 645 3090 investigavit
674 3002 809 3089 collegit
840 3002 984 3089 digessit

568 3125 607 3190 L.
630 3122 845 3208 Quicherat“

101 3321 106 3331 x
137 3245 180 3311 de
205 3265 271 3332 quo
291 3244 445 3331 judicare
467 3234 566 3310 Ictis'
582 3265 649 3310 non
671 3245 838 3330 competit.
882 3243 1015 3310 Etenim
1038 3253 1155 3312 auctor
1178 3246 1277 3332 hujus

135 3365 213 3431 libri
235 3362 327 3430 aliud
349 3365 414 3431 sibi
442 3368 635 3453 proposuit,
665 3387 766 3452 quam
797 3365 888 3452 quod
918 3386 980 3433 noe
1008 3369 1043 3432 in
1072 3366 1277 3454 perficiendo

138 3506 241 3572 opere
263 3488 359 3574 sequi
379 3485 553 3552 voluimus.
598 3484 684 3554 Sunt
705 3489 791 3552 enim
812 3485 922 3554 lexica
948 3485 1003 3551 vel
1033 3486 1202 3572 generalia
1224 3487 1279 3554 vel

135 3609 233 3671 unius
245 3612 375 3672 tantum
387 3604 591 3693 disciplinae,
615 3605 660 3672 ad
679 3608 774 3693 cujus
789 3608 952 3672 rationem
966 3612 1081 3672 noster
1095 3604 1181 3672 liber
1196 3627 1279 3692 pro-

136 3728 212 3813 pius
236 3723 373 3792 aceedit.
396 3725 597 3794 Dubitamus
619 3748 761 3814 quoque,
786 3748 829 3792 an
842 3729 952 3794 omnia
973 3725 1030 3791 illa
1052 3725 1168 3811 verba,
1191 3747 1279 3813 quae

136 3846 252 3932 lingua
274 3845 380 3911 letina
405 3845 547 3913 diversis
569 3848 775 3936 temporibus
798 3849 883 3932 tulit,
905 3846 1023 3914 iisdem
1045 3848 1163 3915 lexicis
1184 3872 1278 3918 com·
1380 3879 1383 3886 ⁴

136 3967 376 4055 prehendenda
399 3970 483 4053 sint,
512 3989 586 4034 cum
608 3968 666 4034 illa
688 3990 758 4033 vox
788 3969 882 4036 latini
910 3973 1071 4036 sermonis
1103 3978 1196 4039 esset
1222 3971 1278 4038 vel

135 4091 215 4154 viva
243 4088 300 4156 vel
328 4096 457 4155 tantum
479 4091 513 4152 iu
535 4088 705 4155 literarum
728 4093 861 4177 scriptis
890 4093 1109 4158 monumentis
1137 4094 1277 4176 vigeret.

223 4209 376 4278 Lexicon
398 4213 492 4293 enim,
516 4210 606 4300 quod
628 4211 711 4276 talia
734 4215 843 4280 omnia
866 4213 1153 4300 complecteretur,
1175 4211 1275 4277 facile

135 4330 344 4421 linguarum,
373 4353 462 4422 quae
491 4332 645 4400 dicuntur
666 4334 857 4421 Romanae,
881 4342 1034 4405 recenter
1069 4334 1277 4404 conformata
