3088 5140
524 325 586 402 '-
633 353 697 418 111
747 389 790 404 .-

170 523 209 610 d)
229 525 320 610 libri,
342 524 463 612 quibus
478 531 548 591 tum
560 524 604 591 ad
619 524 730 592 studia
745 523 885 592 colenda
895 528 1084 610 utebantur,
1107 531 1148 596 de
1164 552 1231 618 qua

90 650 123 696 10
144 631 248 696 multa
271 649 380 716 eaque
403 631 540 716 egregia
556 631 768 695 inveniuntur
782 629 909 695 tradita
930 633 963 696 111
985 630 1025 698 (le
1048 631 1120 701 ΜΒ.
1144 634 1231 701 Uni·-

89 736 254 800 versitatis
280 739 415 799 nostrae
437 740 516 814 tom
538 732 564 797 1.
586 731 774 798 Annalium.
847 807 854 817 ι

171 837 272 916 Quas
286 842 483 918 tractantes,
507 855 567 901 nos
582 837 821 904 continebimus
836 840 870 901 in
886 840 937 922 iis,
961 859 1048 924 quac
1072 840 1114 906 ad
1123 841 1230 926 juris-

91 941 302 1029 prudentiam
324 940 499 1025 pertinent.
795 941 800 950 “

167 1043 323 1108 Fuerunt
342 1048 473 1107 tantum
485 1041 639 1109 doctores
656 1040 1229 1130 (1010101001111001100010110011

89 1149 180 1234 quasi
201 1149 336 1212 unicum
358 1151 394 1210 et
415 1142 558 1229 quidcm'
571 1164 744 1212 commune
773 1145 961 1213 habebatur
991 1167 1053 1233 per
1083 1146 1227 1212 Galliam

89 1255 319 1339 atqueatquc
339 1267 401 1332 per
425 1245 648 1312 Germaniam.
691 1247 786 1314 Bene
809 1252 894 1313 enim
917 1247 1171 1334 intellexerunt,
1194 1254 1228 1316 in

89 1354 228 1418 Decreta
253 1349 410 1416 Gratiani
431 1370 497 1414 non
516 1349 622 1415 solnm
633 1351 718 1435 Juris
734 1349 896 1417 naturalis
919 1351 1171 1417 fundamentum
1184 1373 1227 1416 ex

43 1525 46 1541 ἡ
87 1455 157 1539 jure
179 1453 295 1518 divino
318 1455 414 1539 quasi
436 1451 597 1517 traditum
618 1451 673 1516 vel
695 1460 839 1518 sumtum
871 1460 905 1519 et
928 1453 1132 1536 derivatum,
1166 1453 1227 1544 sed

90 1559 235 1623 notiones
260 1576 395 1642 quoqne
416 1553 620 1640 regulasque
637 1555 723 1640 juris
746 1555 889 1620 Romani
910 1557 1057 1642 reperiri.
1087 1556 1127 1621 Id
1147 1577 1227 1623 vero

89 1667 198 1724 nostro
221 1666 375 1743 tempore
396 1678 462 1722 nou
485 1655 646 1722 salumin
669 1655 796 1724 Codice
819 1656 949 1724 Gallico
972 1660 1137 1744 reperitur
1167 1659 1228 1725 sed

89 1782 145 1849 par
166 1770 276 1828 totum
299 1760 418 1826 orbem
437 1762 659 1844 cognoscitur.
703 1759 756 1824 Dc
778 1759 902 1826 haere
929 1763 949 1824 1.
972 1781 999 1826 0.
1023 1759 1065 1825 de
1087 1764 1129 1842 vi,
1153 1781 1226 1826 am-

89 1864 156 1928 bitu
178 1871 212 1930 01
235 1865 439 1928 auctoritate
460 1870 530 1928 tam
549 1863 634 1946 juris
659 1860 818 1928 Canonici
849 1883 949 1948 quam
975 1864 1062 1948 juris
1084 1863 1227 1929 Romani

89 1974 228 2033 testatur
260 1963 448 2031 Cardinalis
464 1964 676 2049 'Wisemanm
706 1967 756 2030 vir
784 1964 1008 2046 doctissimus,
1031 1969 1064 2031 in
1097 1966 1226 2031 disser-

90 2072 211 2134 tatione
232 2089 322 2133 nuno
342 2068 432 2133 edita
454 2066 497 2133 de
520 2069 664 2135 ecclesia
686 2075 720 2133 et
742 2066 932 2152 scientia.*)
954 2068 1053 2134 Aliae
1073 2070 1225 2155 resjuris

90 2172 358 2258 relinquebantur
378 2170 670 2237 consuetudinibus
693 2171 907 2256 moribusque
922 2171 1127 2256 singularum
1142 2191 1227 2256 geu·

90 2277 166 2340 tium
188 2281 223 2340 01
246 2277 429 2341 civitatum.

168 2378 208 2444 In
229 2379 461 2445 Universitate
482 2377 648 2461 Pragensi
667 2376 724 2462 jus
747 2377 935 2442 Romanum
954 2375 1160 2442 solummodo
1182 2397 1227 2443 ex

87 2481 157 2564 jure
178 2479 348 2547 Canonico
372 2482 529 2565 cognosci
547 2486 690 2566 poterat,
712 2482 761 2544 uti
792 2479 891 2546 docet
921 2483 1046 2556 Tomcla5
1073 2484 1106 2545 in
1128 2480 1228 2546 Pari-

92 2587 187 2650 siensi
217 2583 361 2651 obtinuit
393 2583 533 2648 Honorii
563 2585 755 2648 constitutio
787 2603 908 2669 „super
939 2583 1095 2670 specula“
1128 2619 1168 2631 -·
1192 2587 1227 2649 in

91 2685 365 2772 Heidelbergensi
387 2689 494 2751 rarius
517 2694 647 2751 tantum
676 2687 761 2780 juris
792 2685 897 2752 civilis
927 2687 1152 2774 professorem
1173 2689 1226 2751 in-

91 2791 236 2854 stitutum
257 2791 448 2856 invenimus.
479 2786 673 2856 Studiorum
694 2797 729 2855 01
750 2789 921 2858 literarum
942 2792 1115 2873 rationem,
1139 2811 1226 2876 qua-

89 2889 126 2954 lis
146 2894 179 2955 iu
199 2889 480 2977 Heidelbergensi
510 2891 738 2958 Universitate
767 2893 895 2974 floruit,
925 2896 1050 2978 optime
1079 2913 1226 2977 cognos-

90 2995 184 3059 cimus
207 3013 226 3059 0
243 2992 368 3058 Codice
385 2992 664 3078 Heidelbergensi
676 2993 732 3059 illo
745 3002 815 3058 tom
836 2994 879 3068 Ι.;
901 2994 979 3059 inde
996 2993 1221 3079 intelligimus,

90 3115 150 3179 quo
171 3095 271 3162 modo
294 3103 328 3160 et
350 3117 418 3181 qua
439 3098 569 3161 ratione
592 3094 835 3181 praelectiones
867 3095 909 3161 de
939 3096 1084 3162 Decreta
1117 3102 1150 3160 et
1180 3095 1222 3160 de

89 3195 319 3264 Decretalibus
342 3197 478 3263 habitae
510 3201 594 3280 sint,
629 3219 695 3284 quo
725 3197 823 3263 modo
854 3201 1080 3284 promotiones
1110 3199 1223 3262 factae

90 3304 158 3382 sint,
181 3310 285 3386 atque
306 3301 364 3365 ubi
386 3299 428 3365 de
451 3300 629 3366 doctoratu
646 3302 732 3385 juris
763 3303 891 3385 agitur,
921 3299 1072 3364 additum
1093 3303 1223 3364 inveni-

89 3422 155 3468 mus
181 3404 380 3486 „sciendum
404 3403 495 3489 quod
517 3403 663 3468 facultas
683 3405 768 3488 juris
801 3403 923 3469 desinit
945 3407 978 3468 in
1007 3401 1156 3487 legistis“
1181 3437 1222 3449 -

89 3508 233 3590 sequitur
254 3505 357 3570 index
378 3508 624 3591 promotionum
653 3527 760 3592 usque
791 3506 835 3570 ad
863 3506 1031 3572 saeculum
1061 3506 1222 3570 decimum

89 3610 233 3690 quintum
256 3610 475 3688 continuatus,
497 3610 531 3672 in
553 3629 619 3694 quo
643 3611 673 3672 si
704 3607 839 3694 quaudo
868 3608 991 3693 legista
1022 3627 1221 3672 commemo-

90 3717 187 3791 ratur,
209 3713 239 3776 is
260 3709 302 3776 de
318 3710 434 3777 codice
450 3710 692 3796 praelectiones
715 3712 831 3777 habet:
853 3711 1040 3798 pandectae
1050 3715 1122 3776 istis
1135 3720 1222 3775 tcm-

87 3813 219 3892 poribus
241 3815 301 3876 vix
324 3816 479 3898 cognitae
499 3814 605 3880 fuisse
626 3815 796 3881 videntur:
818 3815 936 3900 injure
957 3813 1125 3880 Canonico
1150 3813 1222 3879 col-

92 3964 298 3981 ——m

151 4067 178 4138 *)
195 4075 271 4126 Haec
288 4077 374 4128 oratio
392 4075 484 4127 habita
502 4080 543 4128 est
560 4079 690 4142 vigesimo
709 4091 780 4130 nono
800 4075 936 4128 1101111111
960 4076 1042 4142 hujus
1062 4075 1219 4126 0111111100-

89 4151 145 4224 dint,
163 4175 224 4211 oum
244 4161 317 4212 docti
332 4161 441 4226 quidam
450 4165 503 4213 viri
514 4163 741 4229 conjungerentur
754 4167 782 4214 in
797 4164 963 4228 societatem,
983 4177 1051 4226 quae
1069 4161 1220 4227 appellatur

88 4243 217 4297 academia
234 4247 371 4314 religionis
391 4247 547 4300 catholicae.
582 4249 670 4301 Multa
686 4249 730 4301 110
753 4249 931 4317 proteruntur
956 4247 1123 4310 donatione,
1149 4259 1219 4310 quac

88 4328 155 4382 10101
180 4333 249 4387 inter
277 4334 418 4390 ecclesiam
436 4339 464 4388 01
490 4335 639 4402 ruentum,
666 4333 918 4403 philosophiamque
939 4347 1031 4388 rerum
1048 4332 1218 4386 naturalium
1286 4407 1294 4426 ·
