3088 5140
761 379 999 446 -194-

311 550 558 638 quadragesimi
580 553 713 638 septimi
734 550 798 616 hoc
819 552 1008 618 institutum
1030 570 1096 616 non
1118 555 1248 616 tantum
1270 549 1354 617 utile
1374 571 1450 616 esse

312 653 510 740 declararet,
534 653 715 722 sedetiam
738 655 864 742 gradus
887 653 930 718 ab
953 653 1182 720 Universitate
1197 653 1367 740 Pragensi
1387 657 1451 718 im-

310 765 463 845 petratos
486 779 547 846 per
578 779 706 824 omnem
737 756 962 824 Christianum
993 765 1158 822 terrarum
1191 757 1308 822 orbem
1337 757 1451 821 valere

307 861 467 946 juberet:
489 861 580 948 quod
610 869 768 948 quantum
799 859 843 926 ed
870 864 1028 929 scientiae
1057 860 1168 926 studia
1195 863 1230 924 in
1258 863 1452 926 universnm

310 965 538 1050 promovenda
559 963 712 1046 valuerit,
735 985 830 1030 namo
852 985 918 1030 non
939 962 1146 1048 intelligit*)

398 1067 450 1137 Ac
471 1070 500 1134 si
522 1067 566 1132 ad
588 1067 849 1134 Universitatem
873 1067 1081 1152 Pregensem
1102 1068 1266 1153 respicias
1289 1073 1453 1152 tanquam

310 1178 485 1258 parentem
508 1170 772 1236 Universitatum
806 1169 1023 1253 Germaniae,
1059 1189 1145 1254 qnae
1175 1189 1219 1235 ex
1249 1171 1452 1234 anctoritate

315 1274 488 1340 Pontificis
513 1270 638 1338 Summi
659 1275 814 1342 instituta
836 1281 907 1356 est,
939 1272 1036 1340 simul
1065 1272 1301 1338 recurrendum
1330 1279 1389 1337 est
1410 1271 1454 1334 ed

313 1378 385 1462 ejus
409 1385 532 1442 statum
554 1376 724 1462 politicum
746 1384 780 1442 et
802 1378 1055 1458 oeconomicum,
1080 1397 1146 1462 quo
1161 1374 1260 1442 modo
1274 1383 1453 1460 regeretur

313 1488 347 1547 et
370 1487 635 1551 conservaretur.
680 1477 780 1558 Quod
803 1479 847 1548 ad
863 1487 990 1550 sunus
1005 1482 1214 1550 necessarios
1237 1481 1370 1560 eoiret,
1395 1477 1454 1544 de-

312 1584 385 1648 buit
410 1584 481 1669 jem
514 1581 572 1648 illo
603 1590 755 1672 tempore
786 1581 927 1650 Carolus
957 1581 1014 1648 IV.
1045 1581 1194 1648 subsidia
1221 1585 1407 1670 impetrare
1435 1601 1454 1643 e

312 1685 491 1752 Bohemiea
513 1685 667 1769 statibus,
692 1689 748 1771 qui
771 1683 935 1769 dicuntur,
959 1707 980 1750 a
1002 1685 1121 1772 quibus
1145 1707 1218 1751 cum
1240 1691 1369 1749 sumtus
1393 1703 1455 1748 ne-

313 1789 452 1854 cessarii
475 1791 624 1854 concessi
646 1796 769 1873 essent,
792 1787 827 1854 id
849 1789 983 1875 publice
1004 1789 1178 1876 professus
1208 1789 1315 1853 estin
1344 1807 1455 1851 aurea

312 1891 404 1956 bulla
425 1893 557 1976 septimi
578 1891 704 1976 Aprilis
729 1913 757 1956 a.
779 1890 941 1958 millesimi
964 1893 1186 1958 trecentesimi
1200 1890 1454 1978 quadragesimi

313 1995 442 2077 couvi,
472 2013 542 2079 que
569 2010 623 2061 res
653 1991 863 2060 universitati
884 1997 1094 2061 necessarias
1116 1997 1151 2062 in
1172 2013 1246 2060 esm
1275 2013 1311 2060 aa
1339 1991 1454 2058 colle-

312 2105 421 2170 turum
444 2114 519 2162 esse
542 2095 736 2163 declaravit.

399 2200 484 2264 Tum
506 2202 609 2266 etiem
631 2219 671 2265 aa
692 2202 840 2267 inritatus
864 2209 934 2285 est,
965 2221 1052 2288 quae
1081 2199 1125 2266 de
1154 2199 1311 2267 studiosis
1331 2196 1455 2263 Bono-

311 2301 479 2368 niensibus
516 2302 709 2368 Fridarions
746 2305 871 2390 primus
910 2300 1117 2388 institrerat,
1146 2311 1185 2368 nt
1212 2302 1352 2370 studiosi
1379 2321 1455 2366 cnm

313 2408 400 2470 omni
420 2409 601 2475 securitate
622 2407 790 2493 proficisci
812 2415 961 2494 possent
1004 2407 1068 2477 His
1096 2408 1243 2494 peractis
1271 2405 1455 2472 Universi-

311 2515 415 2584 tatem
438 2509 644 2595 Pregeneem
666 2508 757 2575 bulla
779 2510 898 2576 decimi
921 2513 1033 2596 quarti
1054 2507 1207 2576 ianuam
1236 2511 1312 2573 anni
1338 2507 1455 2572 mille

312 2614 386 2676 simi
407 2615 632 2684 trecentesimi
644 2613 894 2700 quadragesimi
908 2618 985 2682 noni
1007 2612 1173 2680 Caesar
1196 2611 1456 2684 Germaniae

314 2715 531 2779 confirmavit.

399 2817 455 2882 Ad
493 2818 580 2882 hano
609 2839 691 2884 vero
732 2819 996 2886 Universitetem
1031 2817 1157 2889 idcireo
1196 2819 1291 2886 nobis
1327 2821 1455 2886 iterum

313 2920 549 2989 recurrendum
572 2929 635 3005 est,
658 2925 814 3007 quoniam
837 2923 891 2988 hic
912 2926 1065 2989 iristituta
1086 2923 1195 2989 medio
1218 2943 1301 2988 aevo
1321 2923 1455 2986 usitate

312 3027 348 3088 in
378 3023 520 3092 docendi
551 3033 585 3088 et
606 3025 744 3110 regendi
767 3033 800 3091 et
822 3025 957 3095 vivendi
978 3025 1078 3092 modo
1114 3026 1206 3112 apud
1227 3025 1396 3098 doctores
1424 3033 1456 3090 et

311 3128 482 3193 scholares
506 3129 622 3193 inter
650 3132 849 3195 nationes
883 3129 1009 3195 divisos
1038 3131 1182 3195 maxime
1205 3127 1414 3195 obtinebant.

398 3231 437 3296 In
458 3231 614 3296 methodo
642 3231 792 3301 docendi
800 3233 865 3297 luit
892 3233 1038 3299 studium
1064 3235 1099 3297 ln
1127 3233 1267 3316 artibus,
1296 3231 1392 3316 quod
1423 3234 1455 3294 in

314 3333 426 3400 Gallia
447 3337 526 3400 inde
549 3355 569 3399 a
590 3333 705 3400 Caroli
727 3337 844 3422 Magni
871 3336 1077 3423 temporibus
1107 3335 1286 3403 admodum
1313 3331 1455 3398 releba-

312 3447 383 3502 tur:
412 3437 470 3503 ubi
492 3441 625 3502 trivium
648 3447 682 3505 et
704 3439 913 3525 quadrivium
942 3446 1015 3505 eret
1046 3439 1273 3524 conjunctum,
1303 3435 1455 3501 etodium

314 3541 471 3626 generale
492 3541 669 3609 dicebatur
676 3566 686 3626 ;
709 3542 866 3616 doctores
890 3543 1100 3614 decretorum
1123 3549 1156 3608 ot
1178 3540 1368 3626 theologiae
1390 3540 1455 3604 fie-

313 3645 396 3710 bant
417 3647 571 3730 magistri
592 3648 711 3712 artium
734 3665 774 3710 eo
795 3647 959 3715 medicina
979 3663 1115 3733 quoque
1136 3645 1202 3713 hoe
1228 3643 1340 3710 stridio
1369 3661 1454 3708 nnn-

312 3779 519 3797 m

384 3866 414 3936 *l
432 3871 475 3924 De
501 3869 686 3924 Universitate
703 3871 835 3939 Pragensi
854 3877 963 3925 exstant
980 3875 1057 3926 veria
1080 3872 1128 3924 scd
1151 3885 1205 3924 non
1232 3861 1301 3924 antid
1324 3875 1454 3924 scemata

313 3959 466 4022 perscripta
484 3971 579 4024 opera:
598 3957 735 4025 secter,
755 3958 920 4014 Gesolrielete
938 3959 985 4016 dor
1000 3960 1180 4025 juristdeehen
1203 3956 1336 4012 renuet
1355 3959 1372 4010 ll
1388 3957 1453 4008 voli

315 4039 387 4106 Prae
407 4042 482 4100 teti.
499 4043 601 4110 vore,
617 4045 747 4105 Veraci
764 4043 1012 4107 cinerescentia
1030 4044 1264 4107 seuumque
1280 4042 1361 4108 Prag.
1378 4040 1453 4111 l'ree

315 4128 389 4178 1776.
406 4127 510 4179 Liber
528 4130 646 4182 Decen
656 4146 753 4182 orum
770 4133 864 4185 facult.
875 4133 1077 4199 philosophicae
1086 4130 1279 4182 Universitatis
1295 4128 1452 4194 Pregansis.

314 4211 420 4277 Pragae
445 4214 518 4264 1830.
554 4214 696 4270 Statute
724 4217 989 4270 Universitatis
1022 4218 1220 4283 Pregensis
1246 4240 1278 4252 -·
1307 4208 1476 4280 conjuncta

315 4309 397 4364 opera
413 4300 446 4350 D.
463 4299 575 4353 Antonii
597 4302 717 4356 Dittriclr
734 4309 761 4356 at
778 4305 811 4357 D.
834 4304 946 4358 Antonii
971 4303 1054 4371 spru
1070 4301 1262 4368 (uramenta
1284 4303 1452 4356 histor-leat

314 4383 378 4452 111).
397 4387 538 4476 Tomelr,
557 4387 721 4444 Gesclrichte
738 4392 787 4444 der
805 4390 907 4458 Preger
923 4385 1102 4445 llnlveraittt.
1138 4391 1212 4456 erog
1230 4389 1304 4479 ¹3⁴⁹·
