3080 5150
768 389 982 456 ..34-

394 561 519 626 suerint
540 597 582 608 —
604 563 863 648 magisterii,
894 560 1064 628 ordinis
1092 566 1126 626 et
1151 547 1440 646 jurisdictio-

394 665 483 748 nis,
507 685 528 728 ι
557 663 653 730 nobis
679 664 750 749 jam
781 671 858 730 ante
889 663 1081 730 decennium
1112 662 1154 728 de
1184 663 1249 728 hac
1270 684 1307 730 re
1329 673 1440 730 contra

313 847 315 854 y
376 767 470 856 villos
495 767 700 854 disputatum
724 773 786 851 est,
808 767 899 853 quod
922 767 1065 854 denique
1095 787 1138 832 ex
1167 769 1292 832 nostris
1322 766 1440 832 scholis

394 871 428 932 in
459 868 641 934 archivium
679 869 886 935 celeberrimi
913 872 983 950 Moy
1011 868 1076 934 vol.
1109 868 1135 934 1.
1164 867 1337 934 reductum
1366 870 1440 952 fuit3

392 971 518 1040 Videre
543 971 625 1038 velis
661 975 860 1039 sententiam
893 979 1044 1038 nostram
1078 974 1287 1060 propositam
1313 973 1384 1058 jam
1411 974 1441 1034 in

388 1075 567 1142 ,annalibus
596 1075 939 1165 Heidelbergensibus
972 1077 1049 1140 anni
1079 1075 1171 1140 1853.
1200 1097 1249 1140 nr.
1279 1076 1330 1140 52.
1377 1073 1440 1140 Sed

393 1177 448 1242 hic
469 1178 555 1242 alter
580 1181 723 1266 scriptor
745 1175 937 1244 inarohivio
950 1176 1159 1244 celeberrimi
1181 1179 1262 1257 Moyi
1274 1183 1440 1242 nonreete

394 1281 517 1364 docuit,
541 1283 769 1368 magisterium
790 1279 872 1352 illud
895 1279 938 1346 ad
960 1280 1111 1346 ordinem
1132 1279 1187 1346 vel
1209 1282 1309 1346 etiam
1337 1279 1441 1366 pleni-

394 1382 543 1453 tudinem
577 1382 700 1450 ordinis
731 1385 899 1472 pertinere
928 1418 970 1430 -
1001 1385 1161 1470 competit
1195 1385 1307 1470 potius
1340 1384 1441 1470 juris-

392 1489 527 1580 dictioni
549 1508 695 1554 summae
718 1494 820 1573 atque
841 1487 980 1555 arbitrio
1002 1487 1177 1578 Pontificis
1201 1487 1329 1551 summi.
1503 1557 1504 1572 2

305 1587 517 1659 ssierarcbia
537 1591 703 1678 pontificis
726 1593 853 1656 summi.
875 1589 1037 1656 Pontifex
1050 1589 1219 1656 Maximus
1242 1594 1294 1656 est
1316 1588 1440 1653 Ductor

391 1691 694 1760 ex'cetbedra:
717 1692 858 1758 docendi
880 1694 973 1766 enim,
987 1713 1105 1759 munus
1129 1691 1256 1778 duplex
1278 1699 1352 1774 est,
1376 1689 1441 1755 ole-
1503 1731 1504 1778 ,

390 1793 535 1862 'cicorum
556 1801 590 1862 in
612 1817 736 1884 genere
759 1804 793 1864 et
813 1799 848 1862 in
867 1799 980 1882 specie
992 1796 1159 1884 pontificis
1182 1797 1310 1880 summi,
1332 1797 1439 1879 inquo
1504 1792 1505 1801 ’

392 1907 444 1966 est
465 1920 591 1966 summa
612 1907 764 1986 potestas
789 1907 822 1965 et
840 1899 1038 1984 jurisdictio.
1084 1895 1121 1966 Si
1148 1898 1226 1964 laici
1253 1897 1297 1964 ad
1321 1896 1441 1962 decen·
1504 1944 1505 1989 3

391 2003 469 2068 dum
490 2001 721 2086 admittuntur,
743 2005 825 2088 ipsis
848 2024 915 2068 non
945 2004 1162 2068 committitur
1183 2010 1347 2088 tanquam
1369 1999 1441 2064 offi-

391 2108 486 2190 cium,
508 2105 739 2192 sedtanqnam
753 2105 925 2172 indultum.
948 2107 1068 2172 Primis
1081 2105 1286 2194 temporibus
1310 2101 1441 2192 quidem
1504 2096 1505 2177 J

388 2208 467 2274 laici
488 2207 543 2278 vel
566 2209 609 2274 ad
630 2209 891 2296 praedicandum
913 2209 1132 2293 vocabantur,
1155 2207 1262 2274 donec
1282 2208 1371 2300 baec
1388 2227 1440 2292 po·
1504 2250 1505 2297 3

310 2383 326 2390 ..
388 2320 495 2402 testas
520 2314 678 2398 diaconis,
707 2314 915 2400 presbyteris
952 2321 985 2380 et
1004 2315 1170 2402 episcopis
1203 2317 1440 2378 reservaretur.
1503 2327 1504 2384 ι

389 2418 502 2501 Kober,
526 2416 604 2483 diss
629 2416 671 2482 de
693 2437 910 2503 suspensione
931 2438 964 2506 p
987 2417 1038 2482 57.

304 2485 515 2584 llierarchia
536 2518 768 2586 elericorum.

313 2705 316 2712 ¹
348 2679 350 2691 ,
414 2624 537 2688 dham.
566 2607 609 2686 ab
639 2627 759 2702 Aquino
787 2622 970 2696 doctrinam
1009 2642 1103 2690 suam
1131 2623 1166 2686 in
1197 2619 1328 2691 duobus
1360 2621 1439 2687 locis

388 2724 639 2791 accuratissime
658 2724 812 2791 exhibet.
924 2790 928 2804 ,

321 2887 341 2904 ,,
427 2823 566 2922 Summa
587 2848 620 2916 p.
636 2829 664 2909 2.
681 2829 709 2891 2.
731 2827 879 2909 secunda
900 2801 1134 2916 secundaequ.
1146 2827 1198 2896 39.
1220 2826 1344 2894 arth·
1315 2875 1345 2911 .,
1368 2827 1438 2914 p.3

346 2913 442 3017 qu.
467 2909 517 3014 63.
541 2931 602 2996 ιιι.
619 2931 654 2997 2
831 2997 833 3005 ,

387 3033 499 3128 Ubi
520 3034 635 3121 tradit,
649 3035 823 3127 ordinis
846 3015 901 3102 vel
931 3013 1219 3105 sacramentalem
1215 3039 1437 3124 potestatem

377 3134 518 3228 semper
539 3159 725 3208 remanere
739 3142 773 3206 in
794 3117 942 3226 bomine,
975 3141 1032 3226 qui
1061 3157 1123 3226 por
1153 3139 1437 3204 consecrationem

309 3311 313 3316 ,
387 3261 461 3308 eom
484 3249 536 3308 est
551 3241 654 3329 adept
654 3264 704 3322 us
728 3243 886 3356 quamdiu
901 3236 993 3322 vivit,
1016 3244 1086 3332 sive
1107 3243 1141 3306 in
1156 3240 1301 3307 schisma
1322 3241 1439 3306 sivein

330 3431 332 3436 ,
384 3343 538 3412 haeresin
574 3345 709 3414 labetur
745 3382 787 3394 —
818 3366 962 3432 quocum
999 3347 1164 3412 consentit
1198 3342 1294 3411 eod.
1324 3341 1437 3432 civil.

389 3447 607 3536 Austriac.
631 3447 723 3539 §.63

429 3549 498 3619 Sed
518 3560 681 3640 *potestas
706 3552 1058 3640 jurisdictionis,
1095 3543 1193 3638 quae'
1222 3572 1267 3616 ex
1297 3549 1438 3637 simplici

383 3656 586 3742 injunctione
622 3655 762 3722 hominis
800 3655 987 3740 confertur,
1024 3675 1091 3720 non
1125 3651 1337 3721 immobiliter
1377 3650 1437 3716 ad·
1503 3719 1504 3724 ,

322 3817 324 3822 .
384 3759 529 3827 haeret.-

426 3861 508 3927 Inde
531 3862 728 3927 officium
759 3860 919 3948 docendis,
951 3861 1042 3948 quod
1071 3859 1201 3926 clericis
1233 3857 1436 3942 conceditur,

383 3971 463 4032 tuno
492 3987 547 4042 en,
564 3965 795 4056 jurisdictione
824 3965 1044 4050 derivandum
1072 3971 1142 4048 est,
1182 3965 1296 4050 itaque
1325 3964 1356 4028 si
1387 3966 1438 4027 est

342 4067 523 4155 „sclericus
545 4072 759 4162 proprius.
784 4067 859 4147 Qua
879 4072 1009 4134 ratione
1032 4067 1177 4133 officium
1194 4067 1343 4132 doctoris
1366 4067 1437 4152 pri·
1503 4121 1504 4126 ,

329 4225 344 4262 r·
377 4173 453 4234 vati
474 4191 541 4236 non
562 4172 669 4262 solum
703 4172 749 4238 ab
769 4171 903 4256 ordine,
938 4169 997 4236 sed
1028 4173 1130 4239 etiam
1162 4167 1436 4266 ajurisdictiene

382 4269 519 4360 pendet,
542 4275 673 4362 qualem
694 4297 760 4340 uon
781 4276 885 4344 habet
899 4276 1019 4343 laicus.

352 4447 355 4454 ,
426 4375 463 4446 Si
483 4379 518 4450 in
528 4377 594 4460 bod
607 4387 803 4467 argumento
818 4365 981 4472 quaedum
993 4377 1184 4464 deficerent,
1206 4375 1291 4442 haec
1304 4377 1437 4443 Thomna
1504 4368 1505 4399 ³
