3080 5150
502 371 801 478 ,2141-

270 567 335 615 oaa
356 552 457 630 eman
478 547 512 615 in
540 556 689 617 mactatu
712 547 755 616 de
776 545 997 655 dignitatibus
1025 555 1059 619 et
1088 565 1252 639 persona·

279 652 511 822 BelalellllsXIV.
533 755 564 820 d.
587 777 613 821 s.
637 755 668 820 d.
689 756 745 822 lib.
767 757 796 822 3.
821 778 849 822 o.
870 758 901 824 3.

46 845 58 863 ”
153 859 197 941 b)
220 860 429 926 Personatus
451 880 570 926 nomen
591 863 777 947 primumin
792 863 869 947 jure
891 865 1049 928 canonico
1061 861 1253 958 adhibuisse
1315 866 1318 874 '

221 965 433 1043 suranorum
465 963 525 1029 ΠΙ.
557 962 706 1048 illudque
739 985 760 1026 a
794 963 902 1030 Gallis
935 967 1117 1050 sumpsisse
1149 965 1254 1029 tradit

224 1069 365 1143 Cidamus
387 1068 421 1132 in
441 1069 491 1132 tit.
522 1065 564 1132 de
585 1067 700 1152 prael).
731 1075 765 1133 et
794 1067 883 1154 dign.
905 1103 947 1118 -·
976 1071 1017 1133 in
1044 1070 1172 1144 initio
1202 1067 1254 1134 ed.
1369 1117 1374 1128 .

220 1169 385 1257 Neapolit.
407 1191 487 1257 pars
510 1169 568 1238 vl.
590 1193 623 1257 p.
646 1173 718 1238 987.

275 1271 352 1338 Vid.
376 1293 403 1338 o.
425 1275 454 1338 8.
476 1273 524 1339 X.
546 1271 572 1339 Ι.
594 1273 624 1341 3.

106 1376 238 1442 Petra.
282 1378 341 1438 Leo
363 1379 403 1441 Μ.
426 1397 522 1442 serm.
545 1375 575 1442 3.
598 1397 625 1443 o.
649 1378 678 1442 2.
700 1378 730 1444 3.

417 1499 516 1544 serm.
542 1479 572 1546 5.
594 1501 622 1546 o.
646 1482 675 1545 4.

204 1583 372 1648 Auctores
394 1581 451 1647 alii
472 1583 565 1670 apud
587 1587 706 1666 Devoti,
728 1585 846 1650 institt
869 1584 911 1650 de
933 1585 1063 1652 haeresi
1086 1582 1114 1670 5.
1136 1586 1165 1651 5.
1187 1593 1255 1652 not

111 1683 217 1752 Petri
237 1683 442 1751 cathedram
464 1688 609 1772 quinon
631 1688 792 1772 sequitur,
814 1707 881 1753 non
903 1694 956 1754 est
977 1689 1011 1752 in
1033 1686 1183 1755 ecelesia.

275 1810 302 1854 e.
324 1789 353 1854 3.
376 1788 452 1855 dist.
475 1789 526 1856 59.

113 1891 237 1959 Phase
260 1890 442 1978 (neutrum)
464 1893 666 1960 lex-veteris
688 1897 897 1977 testamenti,
919 1929 961 1944 -
983 1895 1112 1982 paseha
1132 1897 1255 1962 veteris

204 1999 413 2087 testamenti3
435 2019 466 2061 v.
489 1993 641 2082 Sequens
665 1995 787 2082 „lauda
810 1995 921 2064 81011(ι

790 1430 932 1498 exedit.
955 1429 1110 1498 Ballerin.
1188 1385 1195 1394 -

116 2099 344 2180 Phonaseus,
368 2102 387 2164 i.
411 2121 438 2166 e.
460 2106 669 2186 praecentor,
692 2098 733 2165 V.
757 2099 894 2166 Cantus.

113 2200 288 2267 Phratria
310 2224 338 2267 o.
360 2204 411 2269 21.
434 2201 471 2270 Ο.
493 2201 558 2270 XI.
581 2225 636 2288 qu.-
659 2205 687 2268 1.
710 2204 862 2287 poesela,
885 2205 1139 2288 conjurationes.

113 2304 345 2387 Phylaeteria
367 2341 408 2354 -
431 2328 516 2394 opus
538 2327 713 2392 magorum
735 2305 957 2391 (Amuletten)
979 2316 1038 2374 aut
1057 2307 1256 2393 syllaeteria.

205 2408 411 2494 philacteria.

275 2533 302 2577 a.
323 2513 354 2596 3,
378 2511 414 2578 0.
436 2511 556 2580 XXV.
584 2535 638 2599 qu.
660 2513 690 2579 5.

274 2637 301 2680 o.
325 2617 353 2678 l.
375 2617 405 2680 4.
429 2614 466 2681 Ο.
487 2615 623 2682 XXVI.
646 2639 700 2703 qu.
724 2617 753 2683 5.

206 2725 285 2786 suut
306 2717 452 2786 remedia
486 2723 720 2806 superstitiosa
742 2720 934 2786 avertendis
956 2719 1080 2786 morbis
1104 2727 1139 2786 et
1160 2719 1255 2785 malis

206 2829 328 2909 parata
350 2830 384 2889 et
405 2831 582 2889 asservata
605 2831 639 2889 et
662 2823 744 2890 data
766 2823 992 2890 custodienda.
1021 2822 1133 2890 Etiam
1153 2843 1257 2910 saepe

208 2925 403 2992 sacerdotes
426 2929 515 2992 eirea
539 2947 669 3012 eorum,
693 2949 778 3014 quos
801 2947 921 2994 sanare
943 2927 1111 3012 volebant,
1135 2925 1257 2994 collum

210 3049 250 3094 ea
272 3029 413 3116 alligare
435 3030 599 3096 solebant.

117 3131 354 3219 Philosophia
375 3137 517 3220 primum
540 3141 613 3200 erat
635 3137 948 3200 monastiea-non
970 3134 1077 3200 solum
1093 3135 1258 3200 consiste-

207 3237 266 3302 bat
294 3239 328 3300 in
358 3236 546 3303 eruditione
576 3245 609 3303 et
637 3237 845 3320 litteratura,
876 3237 937 3303 sed
966 3245 1000 3304 et
1028 3241 1063 3302 in
1091 3239 1162 3302 vita
1183 3239 1258 3322 ipsa

206 3340 283 3403 θεία
306 3341 493 3424 φιλοσοφία,
517 3341 561 3416 εἰς
583 3332 715 3424 χριστὸν
745 3342 924 3424 φιλοσοφία
952 3377 993 3389 -
1024 3339 1258 3426 contemplatio

207 3444 305 3509 simul
327 3452 361 3510 et
384 3465 507 3532 operae
529 3445 749 3534 christianae:
777 3445 854 3512 inda
866 3444 1097 3532 philosophari
1117 3477 1159 3492 --
1181 3443 1259 3508 Μο-

207 3546 350 3612 naohum
372 3569 516 3634 agera
560 3548 778 3635 Philosophia
800 3548 1030 3633 etTheologia
1052 3547 1096 3612 ad
1120 3545 1258 3612 eundem

205 3651 305 3716 finem
327 3651 474 3718 tendunt.
1062 3653 1068 3660 “

250 3753 518 3820 Fundamentum
539 3755 772 3843 philosophiae
802 3757 1074 3822 christianae
1096 3759 1258 3838 tanquam

206 3859 368 3923 scientiae
404 3865 554 3943 systema
592 3858 735 3926 tradidit
761 3861 883 3925 Petrus
913 3857 1132 3923 Lombardus.
1163 3877 1190 3920 e.
1211 3855 1258 3922 X.

206 3959 232 4024 Ι.
255 3962 284 4024 1.
306 3963 486 4047 opponitur
514 3964 700 4047 sapientiae
722 3963 897 4046 saeculari,
920 3961 962 4028 de
984 3978 1051 4047 que
1074 3959 1156 4025 dieit
1182 3965 1260 4022 'Da-

207 4083 310 4126 masus
343 4085 395 4150 ep.
414 4065 444 4129 8.
475 4062 656 4146 (Codetant
686 4086 737 4151 ep.
758 4086 880 4132 roman.
903 4063 1019 4149 pontif.
1049 4083 1128 4148 pag.
1154 4059 1258 4144 536.):

206 4173 259 4233 est
286 4169 426 4232 inimica
447 4165 567 4252 fidei,
603 4187 768 4234 venenum
798 4167 968 4255 quoddam
997 4169 1106 4253 spei,
1136 4165 1259 4232 bellum

207 4272 442 4354 gravissimum
466 4274 678 4338 caritatis.
