3088 5140
754 325 990 400 ...170-

304 496 467 582 smum
490 502 740 570 sacrementsiis
770 503 987 572 confessionis
1010 514 1065 574 est
1094 505 1258 594 obligatio
1285 502 1449 575 serram

389 612 553 672 secretum
574 607 609 672 in
631 607 792 691 omnibus,
816 625 903 694 ques
925 607 969 674 sd
984 610 1226 677 absolutionem
1249 627 1449 678 sacramen-

388 708 491 774 tatem
525 709 730 776 confessario
767 714 969 798 aperiuntur.
1021 711 1145 780 Officia
1180 714 1311 800 singula
1351 715 1449 802 apud

388 813 482 981 diega
493 810 613 880 melius,
634 810 804 900 explicata
834 822 950 898 sunt,
980 837 1081 901 quem
1111 819 1144 882 in
1175 811 1331 904 operibns
1354 819 1449 903 juri-

303 1033 514 1118 signatura,
537 1035 714 1122 collegium
737 1039 848 1104 curies
878 1037 1059 1106 Romanae.
1104 1030 1189 1106 Sunt
1215 1037 1300 1106 duas
1321 1041 1449 1128 signa-

388 1146 485 1205 turae
504 1139 654 1226 justitiae
677 1148 711 1207 ct
732 1143 871 1226 gratiae.

303 1239 427 1412 Simog
448 1243 638 1411 &primus
661 1241 858 1310 haereticus.
902 1241 1079 1330 Bithys,
1109 1243 1164 1312 die
1186 1243 1447 1333 omnuim,

304 1463 463 1530 Simonis
485 1501 526 1512 -
549 1467 690 1552 primum
712 1469 798 1533 iuter
821 1465 944 1532 delicta
967 1460 1197 1534 ecclesiastice
1221 1475 1339 1534 contra
1373 1471 1447 1536 dis-

388 1564 540 1656 ciplinam
553 1585 676 1654 genus:
699 1563 857 1634 delictum
879 1573 976 1656 quasi
992 1571 1174 1658 proprium,
1196 1575 1358 1640 simoniae
1382 1589 1459 1666 vas

387 1673 457 1738 riae
476 1673 615 1758 species.
646 1673 749 1738 mom.
772 1692 797 1737 s.
820 1671 851 1739 ln
873 1695 914 1758 n,
937 1672 1080 1759 quodvis
1105 1671 1336 1762 compendium
1354 1677 1445 1762 juris

389 1773 555 1840 Canonici.

303 1891 524 1982 Simplicium
538 1895 709 1962 seductiva
722 1896 918 1984 propositio,
932 1917 1019 1984 quae
1041 1901 1086 1963 sit
1098 1906 1132 1965 et
1142 1899 1327 1988 propositio
1346 1899 1445 1964 dam-

387 2008 476 2066 nata.
498 2003 583 2064 Fcrr.
605 2000 711 2068 Iudex
735 2001 912 2086 generalis.

223 2167 227 2170 .
302 2101 459 2170 Sinonis,
503 2101 578 2168 Vid.
602 2099 759 2189 Synaxis.

302 2223 517 2290 Sollicitudo
541 2223 780 2291 obscoenorum
802 2229 836 2290 in
858 2233 936 2290 actu
959 2223 1115 2292 audiendi
1147 2226 1377 2294 confessiones
1403 2264 1438 2276 -

386 2327 499 2394 bullae
520 2326 553 2396 S.
576 2329 768 2394 Pontificio:
790 2328 944 2396 analecta
966 2329 1091 2394 livrais.
1116 2329 1168 2394 34.
1407 2335 1413 2342 ‘

303 2429 492 2497 Somnium
513 2467 553 2480 -
576 2439 696 2518 peccat
717 2434 877 2518 graviter,
908 2435 1032 2519 quiex
1055 2435 1192 2498 somniis
1222 2440 1290 2498 tam
1319 2454 1444 2520 procc-

388 2536 542 2601 dentibus
566 2557 610 2601 ex
627 2538 736 2602 causis
758 2538 947 2602 intrinsecis
971 2556 1072 2622 quem
1094 2539 1292 2604 extrinsecis
1313 2537 1445 2603 divinat

391 2639 508 2704 futura
517 2641 751 2723 contingentia,
775 2645 834 2704 eut
856 2659 1075 2724 quaecunque
1095 2637 1286 2726 dependent
1308 2640 1356 2706 ab
1376 2641 1443 2704 hu-

388 2761 507 2806 manae
528 2741 710 2806 voluntatis
733 2740 879 2806 arbitrio.
924 2743 1008 2804 Ferr.

303 2860 444 2942 Senis,
474 2863 535 2948 qui
562 2864 595 2926 in
624 2882 767 2948 vespere
805 2869 959 2930 cantatur
994 2870 1073 2930 ente
1108 2863 1278 2950 psalmum.
1307 2867 1443 2948 „venite

391 2964 609 3031 exultemus.“
1113 2995 1117 3004 ·

303 3065 443 3135 sordes
462 3076 541 3134 eunt
560 3069 595 3134 iu
616 3068 758 3153 anguiis,
779 3085 811 3134 s.
823 3072 1007 3154 suspensio.
1031 3068 1084 3136 Gi.
1107 3069 1151 3136 ad
1169 3067 1262 3138 olem.
1285 3070 1315 3136 3.
1340 3069 1381 3136 V.
1403 3071 1444 3152 8.,

388 3179 543 3258 spectant
566 3172 610 3237 ad
632 3180 812 3238 tonsuram.
845 3171 898 3238 Gl.
921 3173 964 3238 ad
987 3172 1082 3238 clem.
1105 3175 1133 3236 2.
1155 3173 1214 3238 111.
1240 3175 1269 3238 1.

304 3291 494 3370 sororias,
513 3295 536 3356 i
557 3311 585 3357 s.
606 3294 746 3358 maritus
768 3296 903 3359 sororis.

303 3394 442 3460 Sortes.
463 3393 679 3480 Virgilianae.
702 3393 837 3464 Sacrae.
853 3395 1025 3462 Politicao.
1056 3395 1191 3462 Vctitae
1206 3398 1240 3460 in
1263 3394 1444 3462 ecclesias-

391 3500 466 3563 ticis
490 3499 619 3566 officiis.

460 3599 574 3665 Devoti
592 3606 671 3669 inst
699 3601 741 3668 de
762 3602 862 3668 disin.
886 3599 913 3686 §t
935 3602 965 3668 3.
1002 3601 1212 3688 Virgilianae
1235 3601 1307 3666 vid.
1332 3597 1443 3682 weiss

456 3701 583 3789 Menaei-
604 3705 808 3772 Gesohichte
830 3705 890 3772 der
913 3702 1117 3774 Deutechen.
1139 3701 1264 3770 tomi.
1285 3725 1319 3790 p.
1343 3701 1414 3770 186.

242 3817 245 3822 '
304 3806 544 3892 Sdrtilffltssrn.
566 3807 965 3888 BmardPapmmma:
987 3793 1445 3894 multsospcciesdiviustio-

391 3917 442 3978 nie
465 3914 519 3977 hic
543 3911 713 3978 exhibitae
736 3921 821 3978 sunt.
843 3912 883 3976 V.
908 3915 957 3977 17.

305 4015 495 4082 Sututures
517 4033 537 4080 a
561 4017 624 4082 snb
647 4024 681 4082 et
699 4015 780 4100 talo,
810 4037 872 4082 nco
894 4015 1021 4082 recedit
1043 4035 1067 4080 a
1092 4019 1279 4102 praemissa
1300 4015 1445 4102 permis-

248 4163 253 4165 -
390 4122 482 4184 sione
516 4117 737 4203 aestivalium,
759 4117 821 4184 scd
842 4118 924 4184 dicit
956 4120 1136 4201 sotulares,
1157 4137 1229 4184 oum
1252 4118 1319 4182 iilis
1342 4127 1446 4184 utan-

342 4287 348 4302 ,
389 4221 460 4292 tur.¹
477 4222 652 4290 concesse
664 4217 799 4290 deberet
818 4223 863 4310 gi
886 4222 933 4288 ad
953 4223 1050 4289 ciem
1064 4226 1094 4288 lu
1107 4217 1184 4306 iiic
1209 4225 1259 4288 10.
1281 4219 1446 4284 dadi-canc

392 4347 420 4391 s.
440 4343 475 4391 v.
494 4325 753 4396 subtalares.
1005 4340 1008 4346 '
