3108 5138
564 399 781 464 ...47-

190 579 345 638 16666166
384 580 446 640 616.
497 571 599 639 Liber
637 581 776 659 quartus
815 570 858 638 (16
895 571 1122 656 matrimoni03
1159 569 1244 638 liber

194 677 328 761 quintus
352 676 394 742 de
417 675 558 741 delictis.

233 778 395 845 Collectio
420 783 557 860 Gaeyoeii
569 780 634 846 IX.
656 779 790 865 publica
806 781 1010 846 auctoritate
1030 779 1245 865 promulgata

193 889 312 948 estex
335 885 571 948 constitutione
595 883 693 967 „Rex
715 879 905 968 6166111666.κ
930 879 1054 947 Omnes
1072 881 1246 946 collectio-

193 1007 254 1050 nes
275 1005 437 1050 noverum
468 989 740 1051 constitutionum
770 987 868 1071 quasi
895 985 944 1050 illi
974 983 1160 1050 collectioni
1182 984 1246 1047 ad-

189 1089 309 1173 jectae.
332 1096 410 1154 aunt
438 1123 480 1146 -ν
510 1097 545 1154 61
575 1089 617 1154 (16
646 1091 688 1154 iis
718 1091 831 1173 agitur
862 1091 897 1152 in
926 1087 1134 1174 compendiis
1158 1088 1245 1172 juris

194 1193 353 1256 canonici.

95 1293 306 1367 Beoretal‘n
335 1302 368 1359 et
402 1295 572 1374 decretum
601 1297 688 1372 inter
717 1315 755 1360 se
784 1293 952 1371 distincta.
989 1294 1080 1360 Lib.
1111 1293 1246 1363 diurn.

193 1419 273 1484 pag.
295 1399 346 1464 56.

95 1501 317 1580 necastista.
338 1501 581 1568 harstalium.
594 1500 743 1586 Sonista,
764 1504 822 1588 qui
833 1502 1023 1585 Decretum,
1039 1500 1245 1583 Damoteles,

195 1614 329 1670 sextum
351 1606 457 1672 docet
479 1608 564 1672 liber
586 1615 739 1672 sextus
762 1605 880 1689 eatjus
901 1607 1094 1669 canonicum
1115 1625 1246 1668 novum.

196 1713 333 1772 1166116
355 1711 386 1774 J.
411 1714 443 1774 0.
466 1732 498 1796 p.
519 1711 572 1776 39.
594 1731 626 1775 v.
649 1707 832 1775 Sonista
853 1711 886 1772 in
907 1715 1024 1777 nostro
1040 1708 1106 1773 hoo
1126 1706 1247 1772 dictio*

193 1832 299 1876 nano.
1147 1844 1151 1854 ·

96 1917 302 1980 necisum
341 1916 498 1999 exaesam,
520 1937 551 1980 v.
573 1918 711 1994 8166166
732 1935 767 1980 6.,
784 1919 939 1995 lbumoy.

146 2017 187 2103 a)
212 2017 395 2084 (irenaeus
418 2021 589 2104 congessit
611 2017 787 2084 historiam
811 2019 897 2102 juris
919 2016 1151 2100 ecclesiastici,
1180 2037 1247 2081 non

211 2142 289 2186 raro
312 2124 464 2208 respexit
484 2121 529 2186 ad
547 2123 604 2206 jus
625 2141 798 2186 romanum
827 2129 861 2186 et
882 2123 1115 2206 germanicum.
1159 2119 1247 2184 Illud

192 2227 332 2296 6661611
349 2246 394 2290 ex
411 2228 521 2286 Isidori
531 2223 664 2309 etymol.
678 2231 712 2288 et
723 2223 980 2309 scriptis--hoc
1003 2243 1048 2288 ex
1067 2221 1247 2288 tnaffitione

210 2331 290 2392 viva
309 2328 364 2392 vel
378 2329 537 2412 moribus,
553 2349 579 2393 e.
596 2349 628 2412 g.
643 2347 759 2392 vocem
771 2325 1048 2412 „precaniae“
1071 2361 1113 2382 —v
1136 2323 1247 2409 Saepe

213 2433 455 2517 interpretatus
492 2439 547 2497 est
568 2433 625 2516 jus
656 2432 880 2515 germanicum
912 2451 956 2494 ex
984 2429 1134 2494 fontibus
1160 2429 1246 2513 juris

211 2534 369 2618 Romani.
388 2557 414 2600 e
438 2555 469 2620 g.
493 2531 530 2598 C.
552 2534 597 2599 Π.
618 2555 672 2618 qu.
695 2535 724 2598 2.
745 2535 779 2597 in
799 2535 935 2599 notione
957 2531 1060 2616 „viat

141 2635 185 2722 b)
209 2636 249 2701 In
271 2639 378 2723 prima
400 2645 509 2722 parte,
533 2658 633 2723 quam
654 2637 799 2702 forsitan
822 2637 991 2705 Gentianus
1004 2638 1081 2722 ipse
1099 2635 1138 2698 in
1157 2634 1247 2699 oncli-

208 2761 284 2805 nem
292 2741 516 2826 nondigessit,
525 2741 597 2826 jam
605 2743 751 2805 cernitur
760 2738 930 2826 quoddam
936 2747 1099 2824 systema:
1109 2740 1247 2824 166116(-

107 2889 110 2894 -
211 2846 297 2930 oipio
321 2843 530 2909 definitiones
559 2850 595 2908 et
621 2842 853 2907 distinctiones
878 2843 963 2927 juris
986 2850 1056 2906 tam
1084 2840 1245 2905 6611166116

195 2965 311 3032 ,66666
334 2947 449 3030 civilis,
472 2949 506 3010 in
529 2944 603 3010 dist.
628 2945 679 3010 15,
700 2946 841 3010 historia
863 2943 975 3030 legum
997 2943 1245 3010 ecclesiastica-

209 3071 283 3116 rum
293 3085 336 3103 w
349 3049 508 3133 (canones
516 3047 758 3136 Apostolorum
765 3047 840 3114 diat
854 3049 903 3112 16.
917 3049 967 3112 11.
985 3049 1033 3112 18.
1047 3047 1245 3129 decretales,

101 3233 109 3236 -
217 3152 295 3218 (1161.
319 3155 368 3218 19.
391 3155 442 3218 20.
465 3151 522 3237 21)
556 3161 634 3218 tunc
655 3173 736 3238 pars
767 3151 958 3236 dogmatica
984 3157 1166 3234 mactatur,
1199 3153 1249 3214 611

180 3273 182 3278 ·
212 3251 418 3326 Canonistae
439 3257 552 3321 dicunt
571 3256 642 3340 jus
666 3253 1015 3335 ordinandorum,
1037 3254 1081 3318 ds
1101 3256 1248 3340 primatu

213 3360 376 3426 ecclesiae
397 3361 569 3425 Romanae
592 3366 625 3424 et
648 3358 690 3424 de
714 3360 879 3444 episcopis
903 3357 980 3422 dist.
1003 3359 1161 3422 unum.

84 3515 93 3522 -
146 3464 182 3550 c)
206 3464 470 3542 Perssecunda.
487 3497 528 3517 -w
550 3464 759 3549 psagmatioa
781 3495 823 3511 »-
842 3463 1076 3547 quaestionum
1097 3459 1248 3525 66611111

212 3566 405 3652 digerenda,
427 3567 570 3654 ideoque
593 3569 688 3632 stetit
711 3588 754 3632 ex
777 3565 973 3631 collectione
989 3563 1153 3635 Gratiani.
1176 3561 1246 3629 Sed

179 3727 181 3731 .
211 3673 289 3756 ipse·
306 3671 479 3756 conjunxit
495 3673 710 3756 quaestiones
725 3669 790 3734 sub
804 3671 937 3734 nomine
955 3665 1129 3751 „causae“.
1154 3664 1249 3743 Quo-

208 3773 311 3840 modo
332 3773 432 3860 apud¹
450 3771 618 3859 Antiquos
639 3794 693 3840 res
712 3772 892 3857 judiciaria
922 3791 967 3837 ex
995 3769 1248 3856 quaestionibus

212 3883 366 3955 tractata
379 3880 433 3957 sit,
455 3879 603 3943 invenies
625 3879 659 3942 in
681 3878 813 3962 scriptis
836 3875 976 3941 alionum
997 3875 1144 3940 lotorum
1167 3893 1194 3937 e.
1217 3893 1248 3956 g.

211 3978 348 4064 Aegidii
370 3980 412 4046 (16
434 3980 603 4046 1166661116
626 4001 712 4045 nuno
734 3979 812 4045 edit.
833 4000 855 4042 a
870 3979 1021 4044 Doctose
1040 3981 1148 4048 116616.
1169 3974 1249 4044 Gis-¹

209 4084 402 4148 66618110(Ι

149 4183 192 4270 d)
213 4185 300 4252 Pars
322 4189 427 4252 tertia
444 4223 485 4234 -
497 4173 550 4252 'de
572 4186 636 4252 hac
657 4208 699 4251 re
716 4208 748 4253 v.
771 4186 924 4272 glossam·
941 4184 1157 4262 endinaniamt

216 4287 392 4374 „Expleta
408 4291 781 4374 tractatu-matrimonii,
802 4289 901 4374 qnod,
915 4296 967 4353 ast
982 4309 1154 4365 columnae
1177 4307 1250 4351 om-

214 4393 305 4458 nium
328 4396 508 4480 nationum,
532 4393 698 4480 explicitis
721 4395 823 4458 etiam
845 4393 1145 4460 vmincmsasum
1167 4410 1249 4459 oon-
