3108 5138
782 361 997 426 ...48-

423 531 567 598 hictibus
597 565 638 578 -
668 535 780 618 agitur
811 532 852 598 de
882 533 1120 615 sacramentis,
1149 551 1236 617 quae
1268 533 1458 596 necessaria
1523 607 1525 638 r

423 644 501 701 sunt
523 635 729 720 adsalutem,
754 643 788 700 et
808 634 872 700 hoe
888 635 1020 700 ordine:
1043 635 1155 699 Primo
1178 633 1221 698 de
1244 633 1457 698 ecelesiarum
1524 641 1525 646 ’

425 741 693 816 consecratione,
732 737 879 803 seeundo
909 738 952 804 de
989 745 1196 802 sacramento
1226 737 1457 816 eucharistiae,
1524 765 1525 776 .

424 845 524 906 tertio
547 841 589 906 de
604 841 860 906 solennitatibus
876 840 1107 923 festivitatum,
1130 847 1253 925 quarto
1276 839 1318 905 de
1339 861 1457 904 sacra-

425 952 536 1010 mento
558 945 727 1029 baptismi,
751 946 866 1030 quinto
879 943 1180 1010 deconfirmatione
1203 943 1458 1009 etdivinisoffi-

425 1049 483 1112 ciis
507 1055 541 1112 et
559 1049 694 1131 jejuniis
718 1054 752 1112 et
772 1049 807 1110 in
821 1047 887 1112 fine
907 1046 948 1112 de
970 1049 1089 1132 spiritu
1109 1053 1226 1112 sancta
1250 1054 1284 1111 et
1305 1049 1353 1112 sic
1366 1054 1457 1110 trac·
1524 1097 1525 1130 3

424 1157 515 1214 tatus
537 1153 602 1213 iste
624 1152 657 1212 in
680 1151 825 1237 quinque
848 1149 924 1215 dist.
947 1159 1000 1214 est
1022 1150 1207 1216 distinctus.
1524 1211 1525 1240 ,

364 1251 398 1338 e)
421 1252 527 1330 Quod
543 1255 662 1320 attinet
673 1253 717 1318 ad
738 1261 868 1340 partem
890 1256 1041 1339 primam,
1064 1256 1286 1340 antiquissimi
1311 1256 1456 1340 scripto·
1524 1253 1525 1298 t

423 1377 479 1421 res
493 1357 579 1441 juris
592 1359 739 1422 canonici
749 1357 880 1423 libellos
893 1357 1027 1424 edidere
1039 1393 1080 1404 -
1100 1358 1142 1424 de
1165 1357 1342 1441 electione,
1366 1355 1456 1442 quod

426 1462 545 1524 attinet
575 1459 617 1524 ad
647 1459 826 1524 secundam
849 1495 890 1508 ··-
921 1460 964 1526 de
989 1463 1264 1526 matrimonio-
1295 1459 1385 1545 qnod
1415 1459 1457 1524 ad
1524 1451 1525 1528 J

421 1567 555 1628 tertiam
578 1563 620 1629 de
641 1567 891 1630 consecratione
913 1587 944 1630 v.
966 1569 1122 1630 Bemord.
1143 1569 1223 1644 Pop.
1524 1557 1525 1560 '

324 1669 524 1732 llecretunr.
546 1666 631 1752 Ejus
653 1667 773 1733 fontes.
817 1667 905 1732 Num
929 1667 1111 1734 Gratianus
1134 1667 1345 1734 collectiones
1370 1669 1458 1731 anti·
1524 1747 1525 1756 ἵ

409 1773 580 1856 quiorese.
592 1792 624 1855 g.
635 1775 776 1833 Ansebno
791 1770 990 1856 dedicatam,
1006 1780 1139 1858 etopus
1155 1775 1332 1834 Barctordi
1346 1791 1457 1835 eoram
1524 1761 1525 1814 l

408 1873 573 1957 habuerit,
595 1873 650 1939 vel
673 1895 816 1940 canones
835 1895 878 1939 ex
901 1873 973 1940 aliis
996 1874 1090 1939 libris
1113 1877 1280 1956 sumserit,
1302 1895 1369 1939 non
1397 1893 1457 1938 con
1523 1869 1525 1916 l

410 1983 488 2042 stat.
529 1977 623 2042 Idem
645 1978 717 2043 fere
738 1977 840 2058 valet,
862 1975 954 2064 quod
975 1980 1097 2064 attinet
1118 1977 1161 2042 ad
1180 1977 1387 2043 historiam
1372 1978 1456 2061 Juris

409 2081 561 2146 Romani.
583 2079 724 2146 Veteres
747 2088 913 2165 auctores,
937 2081 1057 2167 quibus
1072 2083 1125 2145 usi
1139 2089 1216 2146 sunt
1231 2081 1456 2145 Romanorum

409 2182 493 2270 ICti,
517 2185 560 2250 ab
582 2184 632 2248 his
646 2183 779 2271 quidem
797 2205 864 2249 non
886 2193 963 2250 suut
984 2187 1129 2272 inspecti
1151 2193 1186 2250 et
1207 2185 1373 2270 excerpti,
1398 2179 1456 2246 sed

408 2289 474 2375 ipsi
495 2288 570 2354 illos
594 2290 689 2375 quasi
711 2287 891 2353 traditione
920 2309 1099 2375 suscepere
1152 2291 1267 2366 Scato,
1297 2308 1354 2352 aur
1388 2284 1456 2351 Ge-

410 2393 560 2459 sehichte
579 2391 760 2458 rimiseher
782 2391 1155 2458 Rechtswissensohaft.

321 2494 575 2562 Dedicatlonia
597 2497 729 2563 festum.
751 2518 782 2560 v.
794 2495 941 2562 Decreta
953 2492 1079 2562 Sacrae
1093 2497 1169 2568 Bit.
1190 2494 1356 2581 Congreg.

324 2597 490 2664 Defensio
511 2622 542 2664 v.
565 2602 728 2685 exceptio.

325 2702 499 2766 ostensor
520 2701 680 2766 ecclesiae
702 2723 732 2765 v.
754 2701 961 2769 Advocatus.

324 2805 499 2870 Defensor
531 2807 798 2871 matrimonii-
831 2827 897 2922 non
934 2805 1123 2873 miscendus
1159 2823 1233 2872 enm
1268 2812 1457 2894 promotore

407 2908 533 2993 judieii.
577 2929 583 2952 ¹

326 3010 581 3076 Befloratio—
541 3033 692 3099 ——quae
715 3015 835 3079 attinet
857 3014 901 3079 ad
924 3015 1161 3100 obligationem
1183 3015 1396 3101 stupratoris.

326 3114 582 3180 lleltrnctornm
606 3117 760 3202 officiam,
782 3140 812 3182 v.
834 3121 961 3181 Mtsrote.

325 3217 542 3298 Bagradatio
574 3221 768 3286 elericorum
799 3223 966 3307 quomodo
996 3223 1045 3288 fit.
1095 3223 1208 3286 Bemd.
1237 3219 1326 3286 XIV
1327 3268 1335 3285 .
1363 3218 1408 3285 de
1434 3239 1456 3281 s.

413 3321 516 3391 dioec.
537 3323 593 3388 lib.
614 3325 677 3390 IX.
701 3347 727 3390 e.
750 3323 807 3390 VI.
878 3345 881 3352 ⁴

325 3423 446 3492 neitas
476 3430 675 3514 scriptorum
705 3429 1008 3494 ecclesiastieorum
1037 3436 1099 3495 est.
1150 3433 1336 3508 Auyustinua
1364 3427 1456 3507 hanc,

324 3575 328 3584 ·
410 3532 527 3617 inquit,
549 3531 764 3598 divinitatem·
779 3533 834 3598 vel
856 3539 893 3599 ut
915 3535 962 3598 ita
974 3532 1115 3598 dixerim
1138 3531 1363 3598 deitatem:
1385 3550 1457 3594 nam
1521 3581 1522 3592 ,

412 3642 446 3699 et
467 3635 531 3700 hoo
551 3636 655 3701 verbo
677 3639 727 3700 uti
749 3671 789 3684 -
809 3637 880 3721 jam
891 3643 1025 3702 nostros
1039 3657 1105 3701 non
1121 3638 1226 3720 piget,
1248 3642 1285 3700 ut
1307 3651 1456 3720 egraeco

412 3741 606 3823 expressius
627 3739 844 3823 transferant,
857 3737 949 3824 quod
968 3738 1016 3803 illi
1037 3729 1180 3820 ’θεότητα
1202 3737 1382 3825 appellant.
1406 3735 1457 3800 lib.

413 3838 489 3904 VII.
511 3840 553 3906 de
577 3844 664 3906 civit
709 3841 773 3906 Dei
796 3861 869 3926 cap.
892 3844 920 3905 1.
963 3841 1010 3906 Et
1029 3843 1079 3905 ita
1101 3845 1305 3920 Hieronymus
1321 3843 1457 3902 Damaso

413 3962 446 4027 p.
469 3943 519 4006 57.
540 3947 573 4007 in
595 3945 702 4010 tribus
725 3946 878 4029 personis
908 3942 1051 4009 deitas
1082 3965 1148 4009 una
1170 3945 1332 4008 subsistit.
1365 3945 1457 4006 Oettu·

412 4050 475 4107 rius
504 4048 666 4114 antibarb.
695 4069 829 4132 recogn.
875 4046 962 4112 Jena
986 4048 1078 4112 1682.
1101 4069 1134 4134 p.
1157 4048 1229 4112 261.
1252 4046 1314 4112 sed
1342 4044 1455 4130 ¹videas
1520 4053 1521 4068 *

415 4169 547 4233 quoque
576 4155 771 4215 Dictaentam
801 4173 826 4215 s.
856 4173 887 4215 v.
917 4151 1026 4216 deitas
1058 4185 1099 4196 —-
1133 4153 1240 4237 patris
1278 4156 1312 4214 et
1340 4148 1399 4213 tilii
1429 4153 1458 4211 et

413 4253 549 4338 spiritus
578 4255 685 4319 sancti
713 4276 813 4320 unam
842 4253 1052 4320 deitatem
1082 4254 1264 4321 credamus.
1293 4251 1315 4316 l.
1338 4253 1366 4317 2.
1390 4247 1457 4316 cod.

414 4357 523 4421 aare.
544 4355 642 4422 XIV.
664 4360 694 4424 1.
