3080 5150
590 399 827 464 -149-

129 569 381 652 Primicerins,
406 571 671 654 secundoosrius,
693 572 903 636 tertioeerins
918 571 952 636 in
963 572 1146 636 ministerio
1171 570 1279 636 eccle-

225 659 306 740 siae.
350 678 501 757 nostroe,
534 674 694 759 Beitriige
724 695 798 738 zum
827 673 1013 740 rdmischen
1043 673 1162 740 Recht.
1194 697 1227 760 p.
1250 679 1279 741 9.

225 781 367 855 Darem,
390 797 482 842 men:
505 797 531 842 s.
554 778 585 841 h.
606 799 638 840 v.
659 779 807 862 inprimis
820 775 1097 858 coaequabimur.
1115 777 1181 861 jur.
1201 783 1279 842 tom.

226 880 302 946 VII.
325 900 403 966 pag.
426 882 466 963 8,
490 887 523 946 et
544 878 636 965 quod
656 881 774 944 attinet
796 878 840 942 ad
863 880 1023 944 eccesiam
1046 883 1168 942 Ferrea

131 982 322 1051 Primitiae
343 1019 385 1032 —
406 985 503 1070 primi
536 983 848 1066 fructusagrorum
878 989 913 1046 et
943 980 1123 1047 celebratio
1152 983 1280 1067 primae

226 1089 348 1152 missae
370 1107 391 1151 a
412 1086 687 1172 neopresbytero.

138 1188 306 1255 Primum
330 1193 454 1255 sacrati
474 1189 563 1281 salis.
585 1187 754 1274 pabulum,
776 1190 797 1252 i.
819 1209 846 1254 e
868 1187 1075 1273 baptismus!

298 1315 324 1358 c.
347 1293 375 1358 5.
395 1291 442 1358 X.
464 1291 523 1357 IV.
547 1294 596 1357 ll.
1146 1346 1148 1350 .

134 1394 302 1462 Privatio
323 1399 416 1462 vocis
440 1399 571 1461 activae
594 1403 629 1461 et
660 1395 835 1482 passivae,
867 1399 901 1460 et
923 1393 1024 1458 officii
1055 1402 1089 1460 et
1117 1393 1278 1476 beneficii,

226 1531 269 1548 -
291 1499 382 1586 apud
404 1500 529 1564 Farrar.
551 1498 643 1563 verb.
665 1496 750 1564 Lex.
774 1504 837 1561 art.
861 1495 890 1562 2.

134 1601 329 1670 Privatum
348 1603 404 1687 jus
427 1603 620 1686 systematis
645 1621 824 1674 canonumz

269 1705 393 1790 Injure
415 1725 525 1770 rerum
534 1703 707 1790 praevalet
719 1703 875 1790 spoliatio
887 1704 1109 1788 possessionis
1132 1710 1166 1767 et
1179 1705 1278 1789 quasi

226 1811 459 1896 possessionis.
506 1805 542 1872 Si
557 1809 696 1894 respicis
719 1806 987 1892 adpetitionem,
1011 1804 1209 1870 discernitur
1218 1807 1274 1890 jus

226 1914 260 1975 in
282 1933 318 1978 re
340 1919 373 1978 et
396 1911 440 1975 ad
461 1931 540 1976 rem.
586 1909 649 1976 Jus
679 1912 713 1974 in
741 1930 778 1975 re
805 1910 986 1994 acquiritur
1015 1908 1070 1973 vel
1099 1907 1278 1994 privilegio

229 2032 388 2080 concesso
411 2021 445 2078 et
467 2015 681 2099 possessione
700 2010 928 2076 immemoriali
950 2011 1005 2076 vel
1027 2010 1225 2078 alienatione
1246 2019 1280 2076 et

229 2117 511 2202 praescriptiones
528 2116 585 2200 jus
609 2114 653 2181 ad
674 2133 744 2179 rem
765 2116 875 2200 pactis
899 2119 932 2178 et
954 2115 1051 2178 votis.

298 2219 418 2284 Mortis
441 2238 544 2284 cansa

187 2319 222 2405 t)
244 2341 305 2408 per
327 2328 462 2406 pactum
474 2318 720 2402 hereditarium,
740 2321 792 2386 cni
803 2316 985 2404 respondet
997 2323 1158 2382 executor
1170 2323 1279 2382 testa-

246 2425 359 2507 menti,
383 2427 441 2509 qui
462 2443 500 2489 re
518 2443 599 2488 vera
622 2429 788 2508 expecto
811 2428 959 2486 vocatur.

297 2545 325 2590 c.
348 2527 397 2590 13.
420 2525 467 2592 X.
484 2525 543 2591 HI.
566 2527 616 2590 26.

182 2627 220 2714 2)
243 2628 309 2694 Per
337 2635 572 2694 testamentum
603 2649 628 2692 c.
653 2629 702 2693 10.
724 2627 771 2694 X.
795 2626 868 2694 eod.
891 2632 925 2692 et
952 2645 1012 2712 per
1043 2632 1279 2692 testamentum

243 2731 288 2796 sd
309 2733 383 2816 pias
406 2751 543 2813 causas,
567 2728 657 2816 quod
679 2733 787 2816 ipsum
811 2728 934 2794 nullam
968 2729 1107 2815 requirit
1129 2728 1278 2793 solenni·

246 2839 359 2900 tatem.

295 2937 430 3017 Scholia,
455 2935 546 3021 apud
589 2937 694 3017 Linde,
718 2935 844 3021 ephem.
866 2953 954 3000 nova
976 2932 1103 3000 collect.
1148 2940 1225 2998 tom.
1249 2934 1278 2998 8.

181 3035 220 3122 3)
243 3037 311 3104 Per
333 3037 522 3104 codicillum
542 3041 601 3123 ita,
622 3045 661 3103 ut
683 3041 822 3124 quaevis
846 3037 1020 3123 dispositio
1042 3038 1092 3102 uti
1106 3034 1279 3102 fideicom-

80 3135 83 3138 ’
244 3143 380 3208 missum
402 3141 593 3206 honoretur.

296 3264 324 3309 c.
347 3245 375 3308 1.
395 3245 430 3308 in
451 3242 524 3310 VI⁰.
546 3243 604 3309 ΠΙ.
630 3245 679 3308 11.
723 3241 764 3308 V.
785 3241 1083 3308 fideicommissum.

180 3344 218 3430 4)
241 3344 374 3429 Regula
403 3348 623 3412 successionis
654 3365 697 3412 ex
726 3345 926 3429 cognatione
955 3350 989 3407 et
1013 3341 1090 3427 lege
1114 3346 1278 3430 provenit,

179 3477 183 3484 ·
245 3456 279 3514 et
299 3449 422 3534 singuli
444 3451 578 3534 cognati
599 3449 743 3534 proximi
765 3453 896 3532 partem
919 3444 1115 3510 hereditatis
1140 3448 1275 3530 capiunt

240 3551 315 3634 jure
342 3558 483 3615 naturae
512 3558 671 3637 tanquam
708 3549 857 3614 debitum
885 3546 1099 3628 hereditatis,
1138 3545 1276 3612 alteram

244 3661 405 3739 tanquam
425 3653 589 3720 fiduciarii
611 3659 645 3718 et
667 3655 800 3717 tertiam
832 3650 908 3736 lege
937 3648 1025 3714 civili
1054 3650 1279 3715 Romanorum

244 3758 265 3822 i.
287 3777 314 3822 e.
336 3756 497 3822 Falcidia.

191 3901 197 3916 .
296 3880 323 3924 c.
348 3861 397 3924 16.
421 3861 471 3924 18.
492 3859 541 3925 X.
563 3859 622 3924 III.
645 3861 696 3924 26.

185 3959 220 4046 5)
242 3961 281 4027 In
302 3961 436 4044 herede,
459 3964 518 4047 qui
541 3964 745 4044 convenitur,
768 3960 893 4026 sufficit
915 3959 1201 4046 specificatio
1219 3961 1281 4045 ju-

243 4071 319 4128 rata
338 4063 501 4130 bonorum
522 4064 730 4130 hereditatis.

134 4164 383 4248 Privilegium.
428 4167 617 4253 Opponitur
642 4168 711 4252 juri
741 4169 923 4246 communi,
946 4186 1022 4230 nam
1043 4163 1125 4230 illud
1149 4171 1201 4230 est
1219 4165 1275 4250 jus

228 4268 398 4354 singulare
420 4269 475 4334 vel
498 4269 661 4356 speciales
690 4269 902 4356 privilegium
933 4275 1065 4363 spectat
1094 4268 1138 4331 ad
1166 4270 1277 4354 perci-

227 4371 518 4463 piendosfructua,
541 4379 575 4440 et
598 4375 639 4438 ad
661 4371 1025 4458 concedendaquaevis
1042 4369 1277 4438 emolumenta:
