3108 5138
649 1071 696 1164 l.

63 1313 67 1322 ·
103 1282 147 1344 A.
171 1281 243 1344 AB.
266 1302 333 1344 non
354 1279 460 1344 solum
482 1283 757 1366 praepositio
779 1280 840 1346 sed
860 1289 893 1346 et
914 1284 1159 1367 propositio
1180 1303 1243 1346 vo-

197 1383 391 1448 cabulorum
422 1391 474 1446 cst
505 1403 530 1446 e.
554 1405 585 1467 g.
617 1382 827 1467 absentia,
860 1383 1100 1468 absoluti0,
1130 1384 1242 1449 alie-

182 1485 319 1550 'natio

104 1591 255 1654 Abacus
278 1613 308 1653 v.
332 1595 469 1652 Ferraria
491 1589 556 1653 ind.
582 1592 703 1655 rituum
729 1587 850 1674 (parva
876 1590 1005 1675 mensa)
1029 1593 1107 1658 item
1123 1591 1243 1656 Abba-

190 1692 303 1758 tislem
325 1695 469 1756 nrissam.

103 1795 240 1875 Abinna

80 1898 287 1979 sabbatiae,

102 2001 310 2081 Abbatisstu
334 2023 421 2088 quae
441 2010 582 2068 vocatur
604 2019 723 2068 amnia
745 2005 829 2069 Ferr.
852 2005 896 2066 erl.
925 2006 1027 2068 Oasin.
1051 2002 1193 2091 (Migne)
1216 2005 1241 2069 I.

189 2208 256 2272 vid.
279 2229 413 2294 quoque
434 2209 580 2274 Iudicem
602 2232 655 2295 ap.
680 2213 908 2274 Theoracrinum
933 2219 966 2276 et
986 2209 1127 2278 indicem
1150 2215 1185 2278 P.
1208 2214 1240 2280 S.

189 2315 344 2374 Benedicti
365 2312 453 2376 XIV
476 2311 518 2376 de
540 2312 656 2396 synod.
680 2311 819 2378 dioeces.

103 2413 378 2480 Abba-Comites
399 2419 419 2479 i.
443 2436 470 2480 e.
491 2416 568 2480 laici
592 2416 862 2480 commendatarii
885 2417 1077 2482 abbatissae
1100 2425 1160 2482 eto.

103 2517 383 2583 Abbreviutores
402 2522 434 2602 ii,
458 2521 515 2604 qui
527 2519 648 2584 brevi
664 2520 857 2605 compendio
876 2523 1055 2606 impetrata
1070 2542 1090 2583 a
1103 2523 1135 2584 S.
1151 2524 1233 2581 Pon-

190 2625 264 2702 tificc
284 2625 318 2686 in
339 2622 634 2708 supplicationibus
658 2631 692 2688 et
713 2631 832 2710 postea
854 2623 988 2688 latius
1010 2627 1044 2688 in
1056 2624 1160 2690 literis
1177 2645 1239 2687 ex-

189 2725 337 2810 tendunt,
361 2725 520 2811 appellati
542 2735 626 2814 sunt.
649 2749 679 2790 v.
702 2730 850 2792 Fmoris.
873 2731 992 2790 Moroni
1013 2749 1038 2792 s.
1062 2750 1093 2792 v.
1116 2728 1240 2792 abbre-

188 2831 319 2894 viatori.

105 2931 357 3012 Abeeedurius‚
373 2923 587 3020 praeceptor,
611 2937 668 3020 qni
690 2954 811 3020 pueros
835 2934 952 3002 edocet
980 2934 1141 3000 elementa
1163 2935 1255 2998 lite-2

188 3057 301 3100 rarum
323 3071 364 3082 -·
386 3036 730 3103 itemelementerius
743 3059 835 3123 puer.
858 3043 1071 3118 Htwouymur,
1095 3043 1238 3116 Auynsti-

188 3160 260 3215 nuc,
283 3141 461 3218 Fulycntinr
484 3139 574 3225 apud
596 3139 752 3206 Vossium
775 3139 927 3207 devitiis
951 3161 1046 3206 serm.
1069 3164 1100 3226 p.
1123 3141 1195 3207 303.

103 3240 323 3320 abjurantes
354 3242 519 3308 haeresim
542 3243 690 3308 delevi
712 3243 767 3308 vel
780 3243 821 3310 de
843 3243 1091 3310 vehementi.
1110 3247 1238 3321 ¹librror.

103 3343 246 3410 Ablutio
269 3365 423 3421 munuum
452 3349 486 3412 in
507 3350 617 3412 missa.
649 3365 756 3412 novus
787 3347 946 3414 articulus
976 3369 1029 3434 ap.
1058 3350 1183 3410 Feror.
1205 3350 1239 3412 in

190 3449 268 3514 edit.
294 3453 395 3514 Ousia
894 3452 906 3468 '
1154 3515 1157 3524 .

103 3551 254 3631 Absens,
277 3551 322 3616 ad
344 3551 545 3637 electionem,
568 3553 781 3636 odeberum,
804 3553 849 3618 ad
875 3553 1037 3638 judicem,
1069 3553 1113 3630 ad
1136 3553 1238 3618 abso-

191 3655 350 3720 lutionem
363 3677 393 3720 a
415 3660 561 3742 peccatis
585 3664 618 3722 et
641 3659 788 3722 censuris
842 3660 989 3723 Ferraria.

103 3758 293 3823 Absentem
317 3762 373 3843 qui
396 3759 573 3843 defendit,.
592 3762 663 3845 agit
686 3782 820 3827 causam
850 3761 999 3826 omnibus
1026 3781 1237 3826 communem.

189 3860 241 3926 Cf.
264 3869 332 3926 not.
353 3865 387 3924 in
417 3863 467 3926 ed.
490 3883 579 3948 corp.
606 3865 672 3948 jur.
702 3867 856 3948 Bbbmcri,
886 3864 911 3928 Ι.
932 3886 965 3950 p.
987 3866 1060 3930 460.
1092 3867 1236 3940 Rossbirt,

187 3965 535 4050 Dogmengescbichto
557 3988 584 4030 s.
604 3988 635 4028 v.
650 3962 945 4051 Stellvertretung:
968 3975 1001 4032 et
1023 3967 1171 4052 glossam
1194 3965 1239 4029 ad

188 4066 503 4153 casina

105 4169 238 4234 Absidu
260 4162 375 4255 (ἅψις),
399 4172 489 4256 quod
503 4176 638 4258 proprio
653 4195 775 4257 arcum,
798 4174 958 4248 fornicem
971 4176 1152 4259 significat:
1175 4174 1238 4236 ab·

188 4274 262 4338 sida
284 4297 364 4360 pars
389 4283 440 4340 est
462 4275 554 4356 aedis
578 4297 695 4342 sacrae
717 4279 864 4360 interior,
886 4279 920 4340 in
943 4299 1009 4362 qna
1037 4278 1144 4343 altare
1167 4276 1237 4359 col-¹

186 4377 291 4443 locari
313 4377 407 4460 solet.
438 4376 577 4460 (Ferrcr.
600 4383 644 4443 ed.
669 4375 862 4461 sasamon.)

1064 4483 1080 4543 l
