3080 5150
758 330 973 403 ...w-

306 541 317 560 ν-
386 503 503 576 τοᾶυοὶ
522 541 564 556 -
585 503 784 574 frenohitiae
805 503 1016 590 elericorum,
1040 507 1284 593 episcoporum.
1303 527 1336 573 v.
1364 508 1458 571 Fen.

390 608 456 694 (ed.
482 608 598 694 Oasin.)

302 711 549 783 Franeisoanlt
576 716 663 780 soitu
685 712 832 800 dignum,
855 713 946 799 quod
967 720 1119 800 tempore
1146 715 1318 780 nascentis
1350 712 1457 780 Reli-

304 841 321 886 .·
388 819 496 902 gionis
517 815 693 904 Seraphioi
715 820 746 880 8.
769 821 934 900 Frontoni,
957 823 1028 882 tres
1051 816 1226 882 abeodem
1248 825 1457 882 emanarunt

333 935 337 944 “
390 920 538 986 distincti
561 919 711 1003 ordinem
741 941 882 1006 quorum
905 917 991 984 alter
1017 919 1081 986 fuit
1109 918 1358 1004 Masoulorum,
1394 922 1456 1006 qui

388 1025 497 1090 omnia
519 1025 719 1110 profitentur
740 1021 976 1090 substantialia
997 1021 1167 1106 religionis
1190 1022 1394 1107 cujuslibet,
1420 1031 1456 1087 et

387 1129 454 1194 iste
484 1133 536 1192 est
565 1127 794 1192 strictissimus
825 1132 860 1190 et
888 1126 1060 1192 institutus
1090 1144 1177 1189 anno
1208 1125 1300 1190 1208.
1346 1124 1455 1192 Alter

389 1230 455 1296 fuit
476 1227 653 1294 Mulierum
676 1229 883 1311 ann012123
905 1229 1078 1294 institutus
1104 1227 1167 1292 sub
1190 1230 1223 1294 S,
1240 1230 1347 1305 Olera,
1376 1235 1455 1292 ter-

387 1334 455 1398 tius
478 1331 620 1416 denique
635 1331 699 1396 fuit
720 1331 986 1414 Poenitentium,
1008 1331 1066 1415 qui
1087 1337 1296 1416 nuncupatur
1319 1334 1453 1396 tertius

391 1434 484 1517 ordo,
505 1435 678 1498 institutus
692 1434 774 1498 1221
798 1441 833 1500 et
844 1439 896 1500 est
911 1431 1068 1498 masculis
1090 1439 1125 1498 et
1139 1433 1269 1500 feminis
1292 1453 1454 1498 eommu-

389 1539 451 1602 nis.
474 1535 576 1602 Clem.
599 1537 631 1602 3.
653 1535 694 1602 V.
718 1537 768 1602 10.

300 1641 427 1706 Frater
447 1659 559 1726 papae
581 1647 633 1706 est
655 1641 842 1726 episeopus.
864 1637 933 1704 Alii
947 1631 1001 1704 v'el
1023 1637 1135 1704 elerici
1150 1637 1204 1706 vel
1222 1637 1299 1706 loioi
1321 1638 1453 1726 appel-

386 1743 497 1808 lantur
523 1743 591 1807 filii.
637 1740 833 1828 Cognomen
855 1741 1130 1826 „dileetissimns“
1161 1744 1307 1829 pertinet
1334 1751 1372 1808 et
1406 1741 1452 1806 nd

386 1846 511 1911 fratres
535 1853 569 1910 et
591 1845 635 1910 ad
656 1845 753 1911 filios.

305 1948 454 2020 Fratres
490 1947 648 2016 minores
677 1983 719 1996 -
750 1968 792 2014 en
821 1949 953 2036 possint
981 1947 1106 2014 habere
1135 1947 1263 2035 aliquid
1289 1950 1450 2038 proprii?

320 2091 322 2098 ·
389 2071 417 2116 e.
438 2052 468 2116 3.
490 2053 525 2116 in
546 2050 619 2117 vm
642 2051 683 2117 V.
707 2053 757 2121 12.
1308 2101 1310 2106 .

304 2153 489 2220 enutrisse
510 2191 553 2204 -
574 2177 662 2221 uxor
683 2156 809 2238 fratris,
833 2175 921 2241 quae
936 2175 1071 2241 quoque
1084 2153 1272 2242 appellatur
1290 2156 1449 2242 janitrix.

387 2280 413 2322 e.
436 2258 465 2324 5.
489 2256 527 2324 O.
549 2257 707 2324 XXXV.
731 2280 785 2343 qu.
808 2257 837 2322 5.

217 2427 220 2434 ,
299 2360 457 2426 Fueutus
480 2398 521 2409 -
544 2363 758 2430 executiones
779 2363 914 2428 fucatae
935 2363 956 2428 i.
979 2381 1006 2427 e
1030 2363 1128 2448 quasi
1149 2363 1274 2428 tinetae
1291 2370 1327 2429 et
1349 2364 1449 2430 eolo·

385 2472 496 2532 ratae:
519 2465 618 2551 glad
641 2465 732 2531 olem.
757 2467 785 2530 1.
807 2464 848 2530 V.
873 2467 922 2530 10.

299 2568 420 2633 Fueus
442 2605 484 2615 -
507 2568 642 2654 quando
664 2576 846 2654 peceatum¹
861 2570 915 2648 sit,
937 2568 1016 2633 fueo
1038 2569 1160 2636 faeiem
1181 2571 1332 2655 pingere.
1376 2574 1450 2633 Be-

327 2716 329 2724 ·
385 2675 492 2737 mediet.
513 2671 613 2738 XIV.
634 2672 665 2736 d.
686 2693 713 2738 s.
736 2671 766 2735 d.
788 2672 843 2738 lib.
868 2673 917 2736 11.
940 2692 967 2736 e.
991 2673 1041 2737 12.
1064 2669 1093 2756 5
1118 2674 1155 2748 L}

299 2773 485 2856 Fugitivus
515 2796 535 2839 a
559 2774 720 2860 religione
749 2781 802 2840 est
831 2781 1005 2860 apostata,
1035 2782 1156 2862 peceat
1185 2783 1302 2842 eontra
1331 2775 1448 2851 iidem,

385 2877 564 2963 religionis.

302 2979 508 3046 Fulminare
537 2987 571 3048 et
597 2981 750 3068 proferre
773 2983 1156 3048 excommunicationem.
1193 3002 1221 3048 o.
1247 2983 1274 3046 1.
1310 2983 1345 3048 in
1377 2981 1449 3049 VI⁰

301 3186 492 3262 Funeralia
514 3209 541 3254 o.
564 3189 592 3255 1.
616 3195 747 3254 extrav.
770 3209 884 3255 oomm.
907 3188 949 3254 do
971 3189 1079 3275 privil.

300 3289 513 3369 ¹l'unieulus‚
537 3294 594 3376 qui
620 3290 721 3357 fidem
749 3292 837 3357 fallit
862 3275 1037 3377 triplicem,
1068 3292 1446 3358 excommunicationem

388 3392 488 3458 subit.
511 3393 556 3478 gl.
579 3393 622 3457 ad
643 3415 670 3458 o.
694 3396 723 3461 1.
746 3395 793 3460 X.
816 3395 841 3460 Ι.
864 3395 916 3460 33.

298 3493 513 3574 Funienluse
548 3517 703 3564 mensura
726 3497 908 3583 quaedem,
941 3518 1009 3583 qua
1031 3497 1242 3563 dividebatur
1263 3496 1446 3566 hereditas.

383 3607 462 3685 post
484 3599 612 3665 funus
636 3600 793 3668 defuncti
816 3624 844 3666 e.
866 3601 895 3666 5.
920 3599 958 3666 0.
978 3601 1059 3668 ΧΗ
1082 3623 1135 3687 qu.
1153 3602 1187 3664 Ι1.

299 3701 449 3766 Furtum
481 3706 676 3778 committit.
706 3707 764 3790 qui
794 3707 964 3770 inventum
993 3726 1060 3770 non
1089 3703 1209 3772 reddit.
1250 3727 1278 3772 c.
1301 3706 1334 3772 (ἴ.
1351 3706 1382 3770 8.
1413 3703 1445 3772 C

386 3803 484 3872 XIV.
508 3827 562 3892 qu.
586 3808 616 3873 2.

846 4030 892 4124 G.

302 4149 622 4286 unbounded-in
633 4224 830 4288 servitutem
852 4222 993 4292 deducti.
1017 4244 1045 4288 o.
1068 4169 1119 4288 na.
1142 4221 1180 4290 Ο.
1202 4223 1321 4292 ΧΧΠ.
1345 4225 1443 4311 qne.

302 4325 459 4407 (inbelle,
485 4325 689 4414 guidagium‚
712 4325 892 4418 pedagium
911 4363 956 4424 5-
978 4327 1148 4396 tributum.
