3088 5140
747 381 984 449 ...164-

298 551 480 620 §scucos
502 551 547 620 ad
570 556 804 620 continentiam
828 555 996 640 obligatur
1028 557 1128 621 etiam
1158 575 1203 620 ex
1233 562 1333 636 voto,
1371 552 1457 618 licet
1530 587 1531 590 π

386 659 419 722 in
442 657 652 743 suscipiendo
675 658 790 724 ordine
813 679 911 724 sacro
934 658 998 724 hoc
1014 660 1113 724 certis
1136 658 1248 724 verbis
1270 679 1338 722 non
1366 677 1457 742 pro-

386 764 506 825 mittat.
529 760 573 845 gl.
596 761 639 824 ad
662 783 689 826 c.
712 783 765 826 un.
787 765 820 826 in
843 760 914 826 VI⁰.
938 761 997 826 111.
1022 763 1070 826 15.

301 861 558 928 Sacerdotibus
581 841 830 928 addiscendum
842 866 1023 930 necessarii
1039 871 1132 930 sunt:
1155 865 1455 930 sacramentorum

384 966 469 1031 liber
492 973 526 1030 et
548 967 771 1049 lectionarius,
795 965 1056 1052 antiphonarius,
1079 967 1324 1052 baptisterium,
1351 987 1455 1030 com-

385 1077 497 1156 putus,
520 1091 626 1136 canon
637 1069 895 1156 poenitentialis,
918 1068 1124 1156 psalterium,
1148 1069 1321 1162 homiliae,
1340 1068 1454 1134 libel-

384 1172 622 1238 lmffifflm

457 1296 483 1338 e.
509 1278 536 1339 1.
560 1278 588 1340 2.
610 1275 640 1341 3.
663 1281 693 1341 4.
716 1275 745 1342 5.
765 1275 840 1342 dist.
862 1275 914 1342 38.

300 1376 581 1444 Sacranrentalia
604 1379 814 1466 appellantur
843 1379 896 1446 vel
927 1399 978 1446 ex
1002 1399 1065 1463 eo,
1096 1379 1187 1465 quod
1208 1379 1317 1446 solent
1341 1381 1452 1446 adhi-
1530 1451 1531 1454 ,

385 1482 459 1548 beri
480 1482 524 1546 ad
546 1491 755 1550 sacramenta
778 1483 955 1550 efficienda
977 1483 1033 1549 vel
1061 1484 1287 1558 ministranda,
1318 1492 1357 1550 ut
1382 1485 1451 1551 be-

386 1585 602 1672 nedictiones,
625 1587 679 1654 vel
702 1608 841 1670 ex-eo,
865 1587 955 1674 quod
978 1595 1161 1674 sequuntur
1193 1587 1246 1656 vel
1267 1590 1449 1652 imitantur

385 1691 542 1756 virtutem
564 1690 733 1776 quandam
754 1697 1047 1774 sacramentorum,

455 1815 516 1879 per
539 1796 723 1860 orationem
745 1829 787 1840 —
811 1813 936 1870 orans

455 1898 683 1982 aspersionem
706 1918 815 1983 aquae
833 1896 1031 1963 benedictae
1053 1931 1094 1944 -
1118 1901 1281 1964 tinctus

455 2000 616 2085 cujusque
638 2003 838 2066 sacramenti
860 2003 1108 2086 susceptionem
1130 2035 1172 2048 -
1196 2000 1324 2066 edens

455 2104 697 2168 confessionem
719 2103 910 2190 generalem
931 2137 972 2152 ·-
996 2105 1224 2171 confessus

455 2206 685 2291 elargitioncm
708 2207 1001 2292 eleemosynae-
1024 2207 1129 2272 dans

454 2310 717 2376 benedictionem
741 2313 953 2396 episcopi-
976 2310 1252 2378 benedicens.

384 2411 431 2478 Et
452 2416 500 2476 ita
524 2414 658 2498 quidem
688 2417 899 2480 remittuntur
928 2421 1071 2500 peecata
1100 2413 1249 2498 venalia,
1280 2433 1361 2498 crgo
1394 2433 1439 2478 ex

386 2537 486 2602 opere
524 2519 711 2603 operantis,
749 2537 811 2582 nec
836 2537 917 2584 vero
949 2537 993 2583 ex
1024 2537 1127 2603 opere
1157 2523 1314 2602 operato,
1346 2516 1438 2602 qued

384 2626 519 2706 spectat
541 2619 584 2683 ad
606 2627 816 2686 sacramenta
837 2623 921 2706 ipsa.

298 2720 615 2788 §aeramentorum
638 2725 764 2788 veritas
787 2744 853 2788 non
883 2730 935 2788 est
958 2723 1047 2809 apud
1071 2723 1270 2790 haereticos.
1316 2722 1369 2790 Gl.
1393 2723 1437 2788 ad

385 2825 637 2892 camma

298 2925 571 2992 Sacramentum
594 2950 638 2994 ex
661 2949 763 3015 opere
786 2937 924 3016 operato
948 2965 989 2976 -
1012 2951 1078 2994 non
1101 2951 1144 2996 ex
1169 2951 1271 3016 opere
1294 2951 1436 3016 operan-

288 3071 295 3086 ι
383 3033 427 3096 tis
449 3030 504 3096 vel
533 3019 755 3119 suscipientis.
799 3031 840 3096 V.
873 3040 1116 3100 sacramentum
1148 3035 1274 3100 veteris
1305 3041 1435 3102 testam.

384 3137 526 3200 mmm

424 3237 989 3329 'mmmfflfflmmht

297 3341 587 3406 Sacramentum:
618 3351 743 3426 votum,
762 3343 1007 3429 jusjurandum,
1029 3343 1195 3408 vinculum
1217 3344 1436 3409 obedientiae.

297 3443 588 3510 Sacramentum
610 3449 762 3512 notiones
774 3450 975 3512 sacramenti
995 3449 1029 3512 in
1051 3451 1192 3513 materia
1215 3455 1249 3512 et
1270 3448 1380 3512 forma
1391 3467 1435 3512 ex

382 3548 608 3635 Peripatetica
629 3548 841 3636 philosophia
860 3557 1053 3637 assumptae
1075 3558 1162 3617 sunt.

507 3652 645 3719 Guttam.
668 3656 902 3738 Autissiodorru,

503 3759 588 3819 aaa.
611 3758 646 3817 a
668 3759 771 3834 uara,

504 3852 634 3922 Thomas
651 3864 782 3946 Aquino,

501 3964 612 4024 Deuca·
633 3965 752 4028 institt.
776 3961 818 4028 de
842 3983 927 4028 sacr.
950 3961 977 4048 ἓ.
1002 3965 1030 4028 6.
1051 3971 1120 4028 not.
1145 3966 1173 4027 1.

298 4056 532 4143 sacrilegium
555 4066 643 4130 idem
667 4073 719 4132 est
740 4069 773 4130 in
795 4067 895 4132 rebus
920 4066 1166 4150 ecclesiasticis,
1190 4065 1282 4150 quod
1312 4067 1432 4130 crimen

382 4166 523 4249 injuriae
551 4169 585 4232 in
614 4169 714 4234 rebus
746 4169 991 4253 saecularibus,
1031 4169 1188 4235 delictum
1210 4170 1260 4232 sin
1294 4185 1430 4252 genero:

384 4289 465 4352 ergo
488 4269 649 4356 quidquid
670 4274 704 4336 in
737 4273 837 4337 rebus
881 4273 955 4338 Deo
986 4274 1129 4337 sacratis
1158 4271 1284 4356 injuste
1313 4273 1430 4356 agitur.

423 4365 424 4368 '
454 4393 478 4437 c.
503 4373 532 4435 7.
554 4374 601 4439 Χ.
625 4375 667 4442 de
689 4397 761 4461 reg.
779 4376 843 4460 jur.
