<?xml version="1.0" encoding="UTF-8"?>
<!DOCTYPE html PUBLIC "-//W3C//DTD XHTML 1.0 Transitional//EN"
    "http://www.w3.org/TR/xhtml1/DTD/xhtml1-transitional.dtd">
<html xmlns="http://www.w3.org/1999/xhtml" xml:lang="en" lang="en">
 <head>
  <title>
</title>
<meta http-equiv="Content-Type" content="text/html;charset=utf-8" />
  <meta name='ocr-system' content='tesseract 3.04.00' />
  <meta name='ocr-capabilities' content='ocr_page ocr_carea ocr_par ocr_line ocrx_word'/>
</head>
<body>
  <div class='ocr_page' id='page_1' title='image "./manualelatinita00rossgoog_0042.png"; bbox 0 0 3108 5138; ppageno 0'>
   <div class='ocr_carea' id='block_1_1' title="bbox 584 364 796 434">
    <p class='ocr_par' dir='ltr' id='par_1_1' title="bbox 584 364 796 434">
     <span class='ocr_line' id='line_1_1' title="bbox 584 364 796 434; baseline 0 -20"><span class='ocrx_word' id='word_1_1' title='bbox 584 364 796 434; x_wconf 77' lang='lat'>..19-</span> 
     </span>
    </p>
   </div>
   <div class='ocr_carea' id='block_1_2' title="bbox 115 533 1265 1555">
    <p class='ocr_par' dir='ltr' id='par_1_2' title="bbox 115 533 1264 938">
     <span class='ocr_line' id='line_1_2' title="bbox 115 533 1263 626; baseline 0.005 -26"><span class='ocrx_word' id='word_1_2' title='bbox 115 533 275 618; x_wconf 76' lang='lat' dir='ltr'><strong>Rsnllom,</strong></span> <span class='ocrx_word' id='word_1_3' title='bbox 297 553 399 620; x_wconf 81' lang='lat' dir='ltr'><strong>quem</strong></span> <span class='ocrx_word' id='word_1_4' title='bbox 417 541 542 609; x_wconf 78' lang='lat' dir='ltr'><strong>vocent</strong></span> <span class='ocrx_word' id='word_1_5' title='bbox 556 553 657 602; x_wconf 81' lang='lat' dir='ltr'><strong>mure</strong></span> <span class='ocrx_word' id='word_1_6' title='bbox 669 554 841 622; x_wconf 69' lang='lat' dir='ltr'><strong>mergulum</strong></span> <span class='ocrx_word' id='word_1_7' title='bbox 858 536 966 606; x_wconf 77' lang='lat' dir='ltr'><strong>aliove</strong></span> <span class='ocrx_word' id='word_1_8' title='bbox 981 536 1168 626; x_wconf 75' lang='lat' dir='ltr'><strong>privilegia,</strong></span> <span class='ocrx_word' id='word_1_9' title='bbox 1191 537 1263 606; x_wconf 87' lang='lat' dir='ltr'><strong>Re-</strong></span> 
     </span>
     <span class='ocr_line' id='line_1_3' title="bbox 211 637 1263 728; baseline 0.006 -26"><span class='ocrx_word' id='word_1_10' title='bbox 211 637 383 725; x_wconf 83' lang='lat' dir='ltr'><strong>guleribus</strong></span> <span class='ocrx_word' id='word_1_11' title='bbox 407 659 567 706; x_wconf 81' lang='lat' dir='ltr'><strong>concesse</strong></span> <span class='ocrx_word' id='word_1_12' title='bbox 596 643 649 719; x_wconf 84' lang='lat' dir='ltr'><strong>¹eis</strong></span> <span class='ocrx_word' id='word_1_13' title='bbox 668 662 734 706; x_wconf 91' lang='lat' dir='ltr'><strong>non</strong></span> <span class='ocrx_word' id='word_1_14' title='bbox 755 642 952 728; x_wconf 81' lang='lat' dir='ltr'>praebuisse</span> <span class='ocrx_word' id='word_1_15' title='bbox 974 649 1178 728; x_wconf 78' lang='lat' dir='ltr'><strong>potestatem</strong></span> <span class='ocrx_word' id='word_1_16' title='bbox 1200 642 1263 708; x_wconf 80' lang='lat' dir='ltr'><strong>ab·</strong></span> 
     </span>
     <span class='ocr_line' id='line_1_4' title="bbox 204 741 1264 834; baseline 0.002 -26"><span class='ocrx_word' id='word_1_17' title='bbox 204 741 363 809; x_wconf 83' lang='lat' dir='ltr'><strong>solvendi</strong></span> <span class='ocrx_word' id='word_1_18' title='bbox 380 744 415 806; x_wconf 88' lang='lat' dir='ltr'><strong>in</strong></span> <span class='ocrx_word' id='word_1_19' title='bbox 434 743 567 816; x_wconf 81' lang='lat' dir='ltr'><strong>casibus</strong></span> <span class='ocrx_word' id='word_1_20' title='bbox 579 743 623 810; x_wconf 81' lang='lat' dir='ltr'><strong>eb</strong></span> <span class='ocrx_word' id='word_1_21' title='bbox 635 747 988 834; x_wconf 82' lang='lat' dir='ltr'><strong>episcoporeservatis</strong></span> <span class='ocrx_word' id='word_1_22' title='bbox 1011 748 1129 812; x_wconf 79' lang='lat' dir='ltr'><strong>statuit</strong></span> <span class='ocrx_word' id='word_1_23' title='bbox 1151 749 1264 810; x_wconf 81' lang='lat' dir='ltr'><strong>Bened.</strong></span> 
     </span>
     <span class='ocr_line' id='line_1_5' title="bbox 209 843 1144 938; baseline 0.007 -29"><span class='ocrx_word' id='word_1_24' title='bbox 209 843 306 912; x_wconf 87' lang='lat' dir='ltr'><strong>XIV.</strong></span> <span class='ocrx_word' id='word_1_25' title='bbox 329 844 360 909; x_wconf 89' lang='lat' dir='ltr'><strong>d.</strong></span> <span class='ocrx_word' id='word_1_26' title='bbox 383 866 409 910; x_wconf 88' lang='lat' dir='ltr'><strong>s.</strong></span> <span class='ocrx_word' id='word_1_27' title='bbox 432 844 463 909; x_wconf 92' lang='lat' dir='ltr'><strong>d.</strong></span> <span class='ocrx_word' id='word_1_28' title='bbox 485 845 541 911; x_wconf 90' lang='lat' dir='ltr'><strong>lib.</strong></span> <span class='ocrx_word' id='word_1_29' title='bbox 563 845 605 912; x_wconf 89' lang='lat' dir='ltr'><strong>V.</strong></span> <span class='ocrx_word' id='word_1_30' title='bbox 627 869 654 914; x_wconf 91' lang='lat' dir='ltr'><strong>c.</strong></span> <span class='ocrx_word' id='word_1_31' title='bbox 678 846 719 915; x_wconf 88' lang='lat' dir='ltr'><strong>V.</strong></span> <span class='ocrx_word' id='word_1_32' title='bbox 740 870 788 914; x_wconf 90' lang='lat' dir='ltr'><strong>nr.</strong></span> <span class='ocrx_word' id='word_1_33' title='bbox 811 851 840 914; x_wconf 89' lang='lat'><strong>6.</strong></span> <span class='ocrx_word' id='word_1_34' title='bbox 1121 923 1144 938; x_wconf 25' lang='grc' dir='ltr'><strong>ᾗ</strong></span> 
     </span>
    </p>

    <p class='ocr_par' dir='ltr' id='par_1_3' title="bbox 116 935 1265 1118">
     <span class='ocr_line' id='line_1_6' title="bbox 116 935 1265 1042; baseline 0.003 -25"><span class='ocrx_word' id='word_1_35' title='bbox 116 935 334 1032; x_wconf 62' lang='lat' dir='ltr'><strong>Manuaria</strong></span> <span class='ocrx_word' id='word_1_36' title='bbox 358 983 397 994; x_wconf 92' lang='lat'>-</span> <span class='ocrx_word' id='word_1_37' title='bbox 420 947 542 1016; x_wconf 88' lang='lat' dir='ltr'><strong>limites</strong></span> <span class='ocrx_word' id='word_1_38' title='bbox 564 971 729 1038; x_wconf 82' lang='lat' dir='ltr'><strong>agrorum.</strong></span> <span class='ocrx_word' id='word_1_39' title='bbox 760 955 967 1024; x_wconf 66' lang='lat' dir='ltr'><strong>dioecesin</strong></span> <span class='ocrx_word' id='word_1_40' title='bbox 990 955 1090 1042; x_wconf 84' lang='lat' dir='ltr'><strong>cepit</strong></span> <span class='ocrx_word' id='word_1_41' title='bbox 1113 951 1265 1042; x_wconf 71' lang='lat' dir='ltr'><strong>synodal.</strong></span> 
     </span>
     <span class='ocr_line' id='line_1_7' title="bbox 210 1053 294 1118; baseline -0.048 0"><span class='ocrx_word' id='word_1_42' title='bbox 210 1073 236 1118; x_wconf 90' lang='lat' dir='ltr'><strong>o.</strong></span> <span class='ocrx_word' id='word_1_43' title='bbox 265 1053 294 1116; x_wconf 82' lang='lat'><strong>2.</strong></span> 
     </span>
    </p>

    <p class='ocr_par' dir='ltr' id='par_1_4' title="bbox 116 1154 1264 1452">
     <span class='ocr_line' id='line_1_8' title="bbox 116 1154 1264 1246; baseline 0.003 -23"><span class='ocrx_word' id='word_1_44' title='bbox 116 1155 277 1228; x_wconf 62' lang='lat' dir='ltr'><strong>hirtum</strong></span> <span class='ocrx_word' id='word_1_45' title='bbox 300 1154 430 1238; x_wconf 88' lang='lat' dir='ltr'><strong>dicitur,</strong></span> <span class='ocrx_word' id='word_1_46' title='bbox 453 1178 527 1225; x_wconf 86' lang='lat' dir='ltr'><strong>oum</strong></span> <span class='ocrx_word' id='word_1_47' title='bbox 548 1178 603 1226; x_wconf 85' lang='lat' dir='ltr'><strong>res</strong></span> <span class='ocrx_word' id='word_1_48' title='bbox 625 1165 679 1227; x_wconf 88' lang='lat' dir='ltr'><strong>est</strong></span> <span class='ocrx_word' id='word_1_49' title='bbox 700 1165 832 1244; x_wconf 73' lang='lat' dir='ltr'><strong>exusta,</strong></span> <span class='ocrx_word' id='word_1_50' title='bbox 854 1180 976 1246; x_wconf 82' lang='lat' dir='ltr'><strong>rogus,</strong></span> <span class='ocrx_word' id='word_1_51' title='bbox 999 1181 1074 1226; x_wconf 85' lang='lat' dir='ltr'><strong>oum</strong></span> <span class='ocrx_word' id='word_1_52' title='bbox 1096 1158 1264 1228; x_wconf 88' lang='lat' dir='ltr'><strong>comburi-</strong></span> 
     </span>
     <span class='ocr_line' id='line_1_9' title="bbox 209 1261 1263 1348; baseline 0.003 -25"><span class='ocrx_word' id='word_1_53' title='bbox 209 1266 273 1343; x_wconf 85' lang='lat' dir='ltr'><strong>tur,</strong></span> <span class='ocrx_word' id='word_1_54' title='bbox 295 1280 382 1345; x_wconf 82' lang='lat' dir='ltr'><strong>pyre</strong></span> <span class='ocrx_word' id='word_1_55' title='bbox 406 1267 457 1325; x_wconf 87' lang='lat' dir='ltr'><strong>est</strong></span> <span class='ocrx_word' id='word_1_56' title='bbox 480 1263 652 1348; x_wconf 85' lang='lat' dir='ltr'><strong>congeries</strong></span> <span class='ocrx_word' id='word_1_57' title='bbox 674 1261 841 1348; x_wconf 85' lang='lat' dir='ltr'><strong>lignorum</strong></span> <span class='ocrx_word' id='word_1_58' title='bbox 863 1263 907 1330; x_wconf 82' lang='lat' dir='ltr'><strong>ed</strong></span> <span class='ocrx_word' id='word_1_59' title='bbox 929 1262 1200 1336; x_wconf 77' lang='lat' dir='ltr'><strong>corttburendum.¹</strong></span> <span class='ocrx_word' id='word_1_60' title='bbox 1219 1262 1263 1348; x_wconf 84' lang='lat' dir='ltr'><strong>gl.</strong></span> 
     </span>
     <span class='ocr_line' id='line_1_10' title="bbox 185 1360 729 1452; baseline -0.006 -21"><span class='ocrx_word' id='word_1_61' title='bbox 185 1413 188 1416; x_wconf 89' lang='lat'>-</span> <span class='ocrx_word' id='word_1_62' title='bbox 209 1361 254 1431; x_wconf 79' lang='lat' dir='ltr'><strong>od</strong></span> <span class='ocrx_word' id='word_1_63' title='bbox 276 1382 304 1428; x_wconf 86' lang='lat' dir='ltr'><strong>c.</strong></span> <span class='ocrx_word' id='word_1_64' title='bbox 326 1363 378 1430; x_wconf 86' lang='grc'><strong>31.</strong></span> <span class='ocrx_word' id='word_1_65' title='bbox 402 1360 439 1428; x_wconf 85' lang='grc' dir='ltr'><strong>Ο.</strong></span> <span class='ocrx_word' id='word_1_66' title='bbox 461 1363 600 1432; x_wconf 84' lang='lat' dir='ltr'>XXIIL</span> <span class='ocrx_word' id='word_1_67' title='bbox 622 1387 676 1452; x_wconf 84' lang='lat' dir='ltr'><strong>qu·</strong></span> <span class='ocrx_word' id='word_1_68' title='bbox 699 1367 729 1431; x_wconf 91' lang='lat'><strong>8.</strong></span> 
     </span>
    </p>

    <p class='ocr_par' dir='ltr' id='par_1_5' title="bbox 116 1466 1101 1555">
     <span class='ocr_line' id='line_1_11' title="bbox 116 1466 1101 1555; baseline 0.006 -23"><span class='ocrx_word' id='word_1_69' title='bbox 116 1467 291 1549; x_wconf 76' lang='lat' dir='ltr'><strong>Buloncs,</strong></span> <span class='ocrx_word' id='word_1_70' title='bbox 310 1466 530 1553; x_wconf 74' lang='lat' dir='ltr'><strong>joculatores,</strong></span> <span class='ocrx_word' id='word_1_71' title='bbox 553 1468 707 1555; x_wconf 79' lang='lat' dir='ltr'><strong>golicrdi.</strong></span> <span class='ocrx_word' id='word_1_72' title='bbox 730 1491 757 1538; x_wconf 83' lang='lat' dir='ltr'><strong>c</strong></span> <span class='ocrx_word' id='word_1_73' title='bbox 778 1492 833 1541; x_wconf 83' lang='lat' dir='ltr'><strong>uu.</strong></span> <span class='ocrx_word' id='word_1_74' title='bbox 854 1472 889 1541; x_wconf 83' lang='lat' dir='ltr'><strong>iu</strong></span> <span class='ocrx_word' id='word_1_75' title='bbox 910 1469 969 1540; x_wconf 88' lang='lat' dir='ltr'><strong>Vl.</strong></span> <span class='ocrx_word' id='word_1_76' title='bbox 990 1470 1049 1540; x_wconf 85' lang='lat'>111.</span> <span class='ocrx_word' id='word_1_77' title='bbox 1073 1474 1101 1540; x_wconf 94' lang='lat'><strong>1.</strong></span> 
     </span>
    </p>
   </div>
   <div class='ocr_carea' id='block_1_3' title="bbox 675 1795 718 1892">
    <p class='ocr_par' dir='ltr' id='par_1_6' title="bbox 675 1795 718 1892">
     <span class='ocr_line' id='line_1_12' title="bbox 675 1795 718 1892; baseline -0.023 0"><span class='ocrx_word' id='word_1_78' title='bbox 675 1795 718 1892; x_wconf 82' lang='lat' dir='ltr'><strong>(l.</strong></span> 
     </span>
    </p>
   </div>
   <div class='ocr_carea' id='block_1_4' title="bbox 117 2071 1359 4236">
    <p class='ocr_par' dir='ltr' id='par_1_7' title="bbox 117 2071 1359 4236">
     <span class='ocr_line' id='line_1_13' title="bbox 119 2071 1259 2162; baseline 0.003 -22"><span class='ocrx_word' id='word_1_79' title='bbox 119 2071 311 2147; x_wconf 68' lang='lat' dir='ltr'><strong>comorius</strong></span> <span class='ocrx_word' id='word_1_80' title='bbox 339 2073 421 2141; x_wconf 80' lang='lat' dir='ltr'><strong>ficte</strong></span> <span class='ocrx_word' id='word_1_81' title='bbox 450 2076 485 2140; x_wconf 92' lang='lat' dir='ltr'><strong>in</strong></span> <span class='ocrx_word' id='word_1_82' title='bbox 513 2075 616 2144; x_wconf 80' lang='lat' dir='ltr'><strong>misso</strong></span> <span class='ocrx_word' id='word_1_83' title='bbox 644 2094 711 2142; x_wconf 92' lang='lat' dir='ltr'><strong>non</strong></span> <span class='ocrx_word' id='word_1_84' title='bbox 731 2075 904 2162; x_wconf 81' lang='lat' dir='ltr'><strong>permissu.</strong></span> <span class='ocrx_word' id='word_1_85' title='bbox 954 2076 1111 2160; x_wconf 66' lang='lat' dir='ltr'><strong>Ferrum,</strong></span> <span class='ocrx_word' id='word_1_86' title='bbox 1142 2073 1259 2144; x_wconf 90' lang='lat' dir='ltr'><strong>Indice</strong></span> 
     </span>
     <span class='ocr_line' id='line_1_14' title="bbox 205 2179 339 2254; baseline 0 -12"><span class='ocrx_word' id='word_1_87' title='bbox 205 2179 339 2254; x_wconf 66' lang='lat' dir='ltr'><strong>ritum.</strong></span> 
     </span>
     <span class='ocr_line' id='line_1_15' title="bbox 118 2277 1260 2370; baseline 0 -22"><span class='ocrx_word' id='word_1_88' title='bbox 118 2281 379 2352; x_wconf 76' lang='lat' dir='ltr'><strong>calendarium</strong></span> <span class='ocrx_word' id='word_1_89' title='bbox 425 2277 544 2350; x_wconf 82' lang='lat' dir='ltr'><strong>Omnis</strong></span> <span class='ocrx_word' id='word_1_90' title='bbox 558 2279 641 2364; x_wconf 85' lang='lat' dir='ltr'><strong>fore,</strong></span> <span class='ocrx_word' id='word_1_91' title='bbox 664 2299 753 2368; x_wconf 83' lang='lat' dir='ltr'><strong>quse</strong></span> <span class='ocrx_word' id='word_1_92' title='bbox 773 2279 871 2370; x_wconf 82' lang='lat' dir='ltr'><strong>hujus</strong></span> <span class='ocrx_word' id='word_1_93' title='bbox 893 2285 943 2347; x_wconf 91' lang='lat' dir='ltr'><strong>rei</strong></span> <span class='ocrx_word' id='word_1_94' title='bbox 955 2302 998 2350; x_wconf 85' lang='lat' dir='ltr'><strong>ex</strong></span> <span class='ocrx_word' id='word_1_95' title='bbox 1015 2280 1173 2348; x_wconf 79' lang='lat' dir='ltr'><strong>doctrinis</strong></span> <span class='ocrx_word' id='word_1_96' title='bbox 1186 2303 1260 2348; x_wconf 89' lang='lat' dir='ltr'><strong>mo-</strong></span> 
     </span>
     <span class='ocr_line' id='line_1_16' title="bbox 208 2384 1258 2472; baseline -0.001 -21"><span class='ocrx_word' id='word_1_97' title='bbox 208 2386 368 2472; x_wconf 86' lang='lat' dir='ltr'><strong>ribusque</strong></span> <span class='ocrx_word' id='word_1_98' title='bbox 390 2384 616 2454; x_wconf 76' lang='lat' dir='ltr'><strong>Romanorum</strong></span> <span class='ocrx_word' id='word_1_99' title='bbox 642 2388 883 2470; x_wconf 77' lang='lat' dir='ltr'><strong>cognoscimus,</strong></span> <span class='ocrx_word' id='word_1_100' title='bbox 904 2387 1029 2452; x_wconf 89' lang='lat' dir='ltr'><strong>nostris</strong></span> <span class='ocrx_word' id='word_1_101' title='bbox 1053 2384 1258 2472; x_wconf 83' lang='lat' dir='ltr'><strong>temporibus</strong></span> 
     </span>
     <span class='ocr_line' id='line_1_17' title="bbox 209 2487 1259 2578; baseline -0.002 -24"><span class='ocrx_word' id='word_1_102' title='bbox 209 2489 363 2560; x_wconf 83' lang='lat' dir='ltr'><strong>obsoleto</strong></span> <span class='ocrx_word' id='word_1_103' title='bbox 391 2496 478 2556; x_wconf 83' lang='lat' dir='ltr'><strong>sunt</strong></span> <span class='ocrx_word' id='word_1_104' title='bbox 536 2487 721 2578; x_wconf 83' lang='lat' dir='ltr'><strong>Respicere</strong></span> <span class='ocrx_word' id='word_1_105' title='bbox 756 2488 839 2556; x_wconf 88' lang='lat' dir='ltr'><strong>velis</strong></span> <span class='ocrx_word' id='word_1_106' title='bbox 871 2491 1152 2576; x_wconf 75' lang='lat' dir='ltr'><strong>computationem</strong></span> <span class='ocrx_word' id='word_1_107' title='bbox 1181 2490 1259 2552; x_wconf 80' lang='lat' dir='ltr'><strong>enni</strong></span> 
     </span>
     <span class='ocr_line' id='line_1_18' title="bbox 207 2591 1359 2684; baseline -0.003 -25"><span class='ocrx_word' id='word_1_108' title='bbox 207 2593 279 2660; x_wconf 87' lang='lat' dir='ltr'><strong>sub.</strong></span> <span class='ocrx_word' id='word_1_109' title='bbox 305 2596 337 2658; x_wconf 81' lang='lat'><strong>0.</strong></span> <span class='ocrx_word' id='word_1_110' title='bbox 358 2596 389 2658; x_wconf 68' lang='grc' dir='ltr'><strong>ἆ.</strong></span> <span class='ocrx_word' id='word_1_111' title='bbox 414 2596 552 2670; x_wconf 76' lang='lat' dir='ltr'><strong>Caesare,</strong></span> <span class='ocrx_word' id='word_1_112' title='bbox 578 2593 834 2684; x_wconf 75' lang='lat' dir='ltr'><strong>GomtcnttncM.</strong></span> <span class='ocrx_word' id='word_1_113' title='bbox 856 2591 948 2680; x_wconf 84' lang='lat' dir='ltr'><strong>apud</strong></span> <span class='ocrx_word' id='word_1_114' title='bbox 963 2595 1156 2674; x_wconf 78' lang='lat' dir='ltr'><strong>Rudorfflcm</strong></span> <span class='ocrx_word' id='word_1_115' title='bbox 1179 2593 1255 2658; x_wconf 89' lang='lat' dir='ltr'><strong>hist.</strong></span> <span class='ocrx_word' id='word_1_116' title='bbox 1347 2615 1359 2628; x_wconf 81' lang='grc'><em>·</em></span> 
     </span>
     <span class='ocr_line' id='line_1_19' title="bbox 203 2686 1263 2786; baseline -0.005 -22"><span class='ocrx_word' id='word_1_117' title='bbox 203 2697 269 2784; x_wconf 80' lang='lat' dir='ltr'><strong>jur.</strong></span> <span class='ocrx_word' id='word_1_118' title='bbox 290 2718 322 2786; x_wconf 78' lang='lat' dir='ltr'><strong>p.</strong></span> <span class='ocrx_word' id='word_1_119' title='bbox 346 2698 403 2764; x_wconf 83' lang='lat'><strong>61:</strong></span> <span class='ocrx_word' id='word_1_120' title='bbox 425 2697 542 2769; x_wconf 81' lang='lat' dir='ltr'><strong>videas</strong></span> <span class='ocrx_word' id='word_1_121' title='bbox 565 2699 666 2765; x_wconf 79' lang='lat' dir='ltr'><strong>etiam</strong></span> <span class='ocrx_word' id='word_1_122' title='bbox 688 2695 753 2762; x_wconf 85' lang='lat' dir='ltr'><strong>elie</strong></span> <span class='ocrx_word' id='word_1_123' title='bbox 776 2717 880 2784; x_wconf 83' lang='lat' dir='ltr'><strong>opere</strong></span> <span class='ocrx_word' id='word_1_124' title='bbox 901 2699 1100 2781; x_wconf 83' lang='lat' dir='ltr'><strong>recentiore,</strong></span> <span class='ocrx_word' id='word_1_125' title='bbox 1130 2686 1263 2760; x_wconf 80' lang='lat' dir='ltr'><strong>Momm-¹</strong></span> 
     </span>
     <span class='ocr_line' id='line_1_20' title="bbox 205 2798 1257 2886; baseline 0 -23"><span class='ocrx_word' id='word_1_126' title='bbox 205 2821 273 2879; x_wconf 76' lang='lat' dir='ltr'><strong>roc,</strong></span> <span class='ocrx_word' id='word_1_127' title='bbox 303 2800 466 2873; x_wconf 73' lang='lat' dir='ltr'><strong>romische</strong></span> <span class='ocrx_word' id='word_1_128' title='bbox 497 2798 721 2886; x_wconf 85' lang='lat' dir='ltr'><strong>Chronolcgie</strong></span> <span class='ocrx_word' id='word_1_129' title='bbox 751 2801 800 2870; x_wconf 93' lang='lat' dir='ltr'><strong>ed.</strong></span> <span class='ocrx_word' id='word_1_130' title='bbox 831 2822 895 2868; x_wconf 88' lang='lat' dir='ltr'><strong>seo.</strong></span> <span class='ocrx_word' id='word_1_131' title='bbox 927 2801 1021 2868; x_wconf 85' lang='lat'><strong>1859.</strong></span> <span class='ocrx_word' id='word_1_132' title='bbox 1065 2805 1257 2884; x_wconf 77' lang='lat' dir='ltr'><strong>Hartmcno,</strong></span> 
     </span>
     <span class='ocr_line' id='line_1_21' title="bbox 207 2890 1342 2989; baseline 0 -21"><span class='ocrx_word' id='word_1_133' title='bbox 207 2903 290 2969; x_wconf 89' lang='lat' dir='ltr'><strong>ordo</strong></span> <span class='ocrx_word' id='word_1_134' title='bbox 302 2903 503 2989; x_wconf 88' lang='lat' dir='ltr'><strong>judiciorum</strong></span> <span class='ocrx_word' id='word_1_135' title='bbox 522 2903 616 2969; x_wconf 84' lang='lat'><strong>1859.</strong></span> <span class='ocrx_word' id='word_1_136' title='bbox 641 2890 685 2968; x_wconf 80' lang='lat' dir='ltr'><strong>ec</strong></span> <span class='ocrx_word' id='word_1_137' title='bbox 699 2907 888 2968; x_wconf 71' lang='lat' dir='ltr'><strong>Mommsenio·</strong></span> <span class='ocrx_word' id='word_1_138' title='bbox 909 2911 944 2970; x_wconf 92' lang='lat' dir='ltr'><strong>et</strong></span> <span class='ocrx_word' id='word_1_139' title='bbox 965 2909 1156 2966; x_wconf 78' lang='lat' dir='ltr'><strong>Hortmcnni</strong></span> <span class='ocrx_word' id='word_1_140' title='bbox 1177 2924 1259 2968; x_wconf 87' lang='lat' dir='ltr'><strong>con·</strong></span> <span class='ocrx_word' id='word_1_141' title='bbox 1339 2929 1342 2938; x_wconf 95' lang='lat'><em>·</em></span> 
     </span>
     <span class='ocr_line' id='line_1_22' title="bbox 172 3004 1259 3094; baseline -0.002 -22"><span class='ocrx_word' id='word_1_142' title='bbox 172 3086 179 3094; x_wconf 87' lang='lat'><em>.</em></span> <span class='ocrx_word' id='word_1_143' title='bbox 204 3009 395 3085; x_wconf 73' lang='lat' dir='ltr'><strong>troversies.</strong></span> <span class='ocrx_word' id='word_1_144' title='bbox 440 3004 655 3074; x_wconf 82' lang='lat' dir='ltr'><strong>Solummodc</strong></span> <span class='ocrx_word' id='word_1_145' title='bbox 677 3008 843 3094; x_wconf 83' lang='lat' dir='ltr'><strong>qncedcm</strong></span> <span class='ocrx_word' id='word_1_146' title='bbox 861 3007 1028 3074; x_wconf 78' lang='lat' dir='ltr'><strong>vocabule</strong></span> <span class='ocrx_word' id='word_1_147' title='bbox 1049 3006 1203 3073; x_wconf 79' lang='lat' dir='ltr'><strong>techniec</strong></span> <span class='ocrx_word' id='word_1_148' title='bbox 1223 3008 1259 3070; x_wconf 90' lang='lat' dir='ltr'><strong>in</strong></span> 
     </span>
     <span class='ocr_line' id='line_1_23' title="bbox 204 3110 1257 3199; baseline -0.002 -23"><span class='ocrx_word' id='word_1_149' title='bbox 204 3132 268 3181; x_wconf 87' lang='lat' dir='ltr'><strong>usu</strong></span> <span class='ocrx_word' id='word_1_150' title='bbox 303 3131 503 3188; x_wconf 78' lang='lat' dir='ltr'><strong>remansere.</strong></span> <span class='ocrx_word' id='word_1_151' title='bbox 548 3110 618 3194; x_wconf 82' lang='lat' dir='ltr'><strong>Ee,</strong></span> <span class='ocrx_word' id='word_1_152' title='bbox 652 3131 738 3199; x_wconf 81' lang='lat' dir='ltr'><strong>quae</strong></span> <span class='ocrx_word' id='word_1_153' title='bbox 766 3111 811 3178; x_wconf 83' lang='lat' dir='ltr'><strong>ad</strong></span> <span class='ocrx_word' id='word_1_154' title='bbox 840 3110 910 3181; x_wconf 90' lang='lat' dir='ltr'><strong>dies</strong></span> <span class='ocrx_word' id='word_1_155' title='bbox 940 3111 1067 3191; x_wconf 82' lang='lat' dir='ltr'><strong>festos,</strong></span> <span class='ocrx_word' id='word_1_156' title='bbox 1096 3110 1257 3193; x_wconf 82' lang='lat' dir='ltr'><strong>nefastos,</strong></span> 
     </span>
     <span class='ocr_line' id='line_1_24' title="bbox 203 3213 1258 3304; baseline 0.002 -26"><span class='ocrx_word' id='word_1_157' title='bbox 203 3214 380 3304; x_wconf 79' lang='lat' dir='ltr'><strong>religiosos</strong></span> <span class='ocrx_word' id='word_1_158' title='bbox 400 3221 558 3301; x_wconf 78' lang='lat' dir='ltr'><strong>spectare</strong></span> <span class='ocrx_word' id='word_1_159' title='bbox 576 3214 742 3300; x_wconf 86' lang='lat' dir='ltr'><strong>videntur,</strong></span> <span class='ocrx_word' id='word_1_160' title='bbox 763 3213 912 3280; x_wconf 86' lang='lat' dir='ltr'><strong>fontibus</strong></span> <span class='ocrx_word' id='word_1_161' title='bbox 930 3215 1017 3300; x_wconf 86' lang='lat' dir='ltr'><strong>juris</strong></span> <span class='ocrx_word' id='word_1_162' title='bbox 1037 3213 1181 3279; x_wconf 80' lang='lat' dir='ltr'><strong>Romani</strong></span> <span class='ocrx_word' id='word_1_163' title='bbox 1201 3233 1258 3280; x_wconf 91' lang='lat' dir='ltr'><strong>re-</strong></span> 
     </span>
     <span class='ocr_line' id='line_1_25' title="bbox 203 3317 492 3406; baseline -0.01 -24"><span class='ocrx_word' id='word_1_164' title='bbox 203 3317 384 3406; x_wconf 79' lang='lat' dir='ltr'><strong>linquenda</strong></span> <span class='ocrx_word' id='word_1_165' title='bbox 406 3325 492 3383; x_wconf 89' lang='lat' dir='ltr'><strong>sunt.</strong></span> 
     </span>
     <span class='ocr_line' id='line_1_26' title="bbox 243 3415 1256 3507; baseline -0.001 -21"><span class='ocrx_word' id='word_1_166' title='bbox 243 3419 370 3491; x_wconf 71' lang='lat' dir='ltr'><strong>Contra</strong></span> <span class='ocrx_word' id='word_1_167' title='bbox 392 3421 464 3488; x_wconf 85' lang='lat' dir='ltr'><strong>dies</strong></span> <span class='ocrx_word' id='word_1_168' title='bbox 493 3419 607 3488; x_wconf 86' lang='lat' dir='ltr'><strong>festivi</strong></span> <span class='ocrx_word' id='word_1_169' title='bbox 634 3420 805 3507; x_wconf 86' lang='lat' dir='ltr'><strong>religionis</strong></span> <span class='ocrx_word' id='word_1_170' title='bbox 829 3421 1029 3488; x_wconf 81' lang='lat' dir='ltr'><strong>christianae</strong></span> <span class='ocrx_word' id='word_1_171' title='bbox 1057 3442 1102 3487; x_wconf 89' lang='lat' dir='ltr'><strong>ex</strong></span> <span class='ocrx_word' id='word_1_172' title='bbox 1132 3415 1256 3485; x_wconf 82' lang='lat' dir='ltr'><strong>Calen-</strong></span> 
     </span>
     <span class='ocr_line' id='line_1_27' title="bbox 204 3521 1255 3609; baseline -0.001 -20"><span class='ocrx_word' id='word_1_173' title='bbox 204 3524 299 3590; x_wconf 84' lang='lat' dir='ltr'><strong>derio</strong></span> <span class='ocrx_word' id='word_1_174' title='bbox 320 3532 437 3590; x_wconf 88' lang='lat' dir='ltr'><strong>nostro</strong></span> <span class='ocrx_word' id='word_1_175' title='bbox 470 3532 656 3608; x_wconf 88' lang='lat' dir='ltr'><strong>sumuntur,</strong></span> <span class='ocrx_word' id='word_1_176' title='bbox 691 3531 726 3592; x_wconf 84' lang='lat' dir='ltr'><strong>et</strong></span> <span class='ocrx_word' id='word_1_177' title='bbox 758 3524 936 3590; x_wconf 83' lang='lat' dir='ltr'><strong>adhibetur</strong></span> <span class='ocrx_word' id='word_1_178' title='bbox 967 3523 1107 3590; x_wconf 87' lang='lat' dir='ltr'><strong>circulus</strong></span> <span class='ocrx_word' id='word_1_179' title='bbox 1129 3521 1255 3609; x_wconf 85' lang='lat' dir='ltr'><strong>triplex</strong></span> 
     </span>
     <span class='ocr_line' id='line_1_28' title="bbox 203 3623 1256 3718; baseline -0.002 -26"><span class='ocrx_word' id='word_1_180' title='bbox 203 3663 244 3676; x_wconf 90' lang='lat'>-</span> <span class='ocrx_word' id='word_1_181' title='bbox 266 3630 452 3699; x_wconf 76' lang='lat' dir='ltr'><strong>nativitatis</strong></span> <span class='ocrx_word' id='word_1_182' title='bbox 476 3625 612 3712; x_wconf 86' lang='lat' dir='ltr'><strong>Christi,</strong></span> <span class='ocrx_word' id='word_1_183' title='bbox 632 3628 781 3718; x_wconf 74' lang='lat' dir='ltr'><strong>paschae</strong></span> <span class='ocrx_word' id='word_1_184' title='bbox 803 3636 837 3694; x_wconf 86' lang='lat' dir='ltr'><strong>ot</strong></span> <span class='ocrx_word' id='word_1_185' title='bbox 863 3633 1085 3716; x_wconf 84' lang='lat' dir='ltr'><strong>pentecostes.</strong></span> <span class='ocrx_word' id='word_1_186' title='bbox 1130 3623 1256 3692; x_wconf 82' lang='lat' dir='ltr'><strong>Celen-</strong></span> 
     </span>
     <span class='ocr_line' id='line_1_29' title="bbox 202 3727 1255 3820; baseline -0.004 -24"><span class='ocrx_word' id='word_1_187' title='bbox 202 3731 315 3809; x_wconf 81' lang='lat' dir='ltr'><strong>dcrius</strong></span> <span class='ocrx_word' id='word_1_188' title='bbox 344 3735 419 3820; x_wconf 88' lang='lat' dir='ltr'><strong>ipse</strong></span> <span class='ocrx_word' id='word_1_189' title='bbox 447 3753 535 3800; x_wconf 90' lang='lat' dir='ltr'><strong>nunc</strong></span> <span class='ocrx_word' id='word_1_190' title='bbox 557 3733 729 3800; x_wconf 84' lang='lat' dir='ltr'><strong>confectus</strong></span> <span class='ocrx_word' id='word_1_191' title='bbox 759 3739 811 3798; x_wconf 90' lang='lat' dir='ltr'><strong>est</strong></span> <span class='ocrx_word' id='word_1_192' title='bbox 840 3753 883 3800; x_wconf 87' lang='lat' dir='ltr'><strong>ex</strong></span> <span class='ocrx_word' id='word_1_193' title='bbox 905 3731 1112 3808; x_wconf 80' lang='lat' dir='ltr'><strong>institutione</strong></span> <span class='ocrx_word' id='word_1_194' title='bbox 1134 3727 1255 3796; x_wconf 86' lang='lat' dir='ltr'><strong>Aloisii</strong></span> 
     </span>
     <span class='ocr_line' id='line_1_30' title="bbox 205 3831 1049 3916; baseline 0 -16"><span class='ocrx_word' id='word_1_195' title='bbox 205 3838 276 3900; x_wconf 79' lang='lat' dir='ltr'><strong>Lilti</strong></span> <span class='ocrx_word' id='word_1_196' title='bbox 297 3842 332 3902; x_wconf 88' lang='lat' dir='ltr'><strong>et</strong></span> <span class='ocrx_word' id='word_1_197' title='bbox 354 3855 397 3902; x_wconf 83' lang='lat' dir='ltr'><strong>ex</strong></span> <span class='ocrx_word' id='word_1_198' title='bbox 410 3835 658 3903; x_wconf 79' lang='lat' dir='ltr'><strong>confirmatione</strong></span> <span class='ocrx_word' id='word_1_199' title='bbox 681 3837 815 3916; x_wconf 64' lang='lat' dir='ltr'><strong>Gregorii</strong></span> <span class='ocrx_word' id='word_1_200' title='bbox 834 3835 872 3902; x_wconf 92' lang='lat' dir='ltr'><strong>P.</strong></span> <span class='ocrx_word' id='word_1_201' title='bbox 896 3831 929 3900; x_wconf 83' lang='lat' dir='ltr'><strong>S.</strong></span> <span class='ocrx_word' id='word_1_202' title='bbox 950 3831 1049 3900; x_wconf 81' lang='lat' dir='ltr'>XIIL</span> 
     </span>
     <span class='ocr_line' id='line_1_31' title="bbox 241 3937 1254 4026; baseline -0.005 -20"><span class='ocrx_word' id='word_1_203' title='bbox 241 3938 371 4026; x_wconf 76' lang='lat' dir='ltr'><strong>Singuli</strong></span> <span class='ocrx_word' id='word_1_204' title='bbox 399 3946 515 4006; x_wconf 84' lang='lat' dir='ltr'><strong>cutem</strong></span> <span class='ocrx_word' id='word_1_205' title='bbox 542 3937 613 4004; x_wconf 88' lang='lat' dir='ltr'><strong>dies</strong></span> <span class='ocrx_word' id='word_1_206' title='bbox 643 3942 769 4004; x_wconf 82' lang='lat' dir='ltr'><strong>secreti</strong></span> <span class='ocrx_word' id='word_1_207' title='bbox 798 3947 876 4005; x_wconf 86' lang='lat' dir='ltr'><strong>sunt</strong></span> <span class='ocrx_word' id='word_1_208' title='bbox 901 3946 936 4006; x_wconf 86' lang='lat' dir='ltr'><strong>et</strong></span> <span class='ocrx_word' id='word_1_209' title='bbox 964 3937 1187 4026; x_wconf 80' lang='lat' dir='ltr'><strong>cognominati</strong></span> <span class='ocrx_word' id='word_1_210' title='bbox 1209 3954 1254 4001; x_wconf 86' lang='lat' dir='ltr'><strong>ex</strong></span> 
     </span>
     <span class='ocr_line' id='line_1_32' title="bbox 200 4041 1253 4133; baseline -0.005 -25"><span class='ocrx_word' id='word_1_211' title='bbox 200 4051 366 4122; x_wconf 80' lang='lat' dir='ltr'><strong>momento</strong></span> <span class='ocrx_word' id='word_1_212' title='bbox 386 4042 602 4132; x_wconf 88' lang='lat' dir='ltr'><strong>depositionis</strong></span> <span class='ocrx_word' id='word_1_213' title='bbox 619 4045 853 4133; x_wconf 88' lang='lat' dir='ltr'><strong>episcoporum</strong></span> <span class='ocrx_word' id='word_1_214' title='bbox 866 4041 1094 4108; x_wconf 78' lang='lat' dir='ltr'><strong>Romanorum</strong></span> <span class='ocrx_word' id='word_1_215' title='bbox 1117 4047 1151 4106; x_wconf 88' lang='lat' dir='ltr'><strong>et</strong></span> <span class='ocrx_word' id='word_1_216' title='bbox 1162 4059 1253 4104; x_wconf 83' lang='lat' dir='ltr'><strong>mor-</strong></span> 
     </span>
     <span class='ocr_line' id='line_1_33' title="bbox 117 4142 1252 4236; baseline -0.002 -26"><span class='ocrx_word' id='word_1_217' title='bbox 117 4219 122 4226; x_wconf 44' lang='lat'><strong>,</strong></span> <span class='ocrx_word' id='word_1_218' title='bbox 199 4153 321 4231; x_wconf 70' lang='lat' dir='ltr'><strong>tyrum,</strong></span> <span class='ocrx_word' id='word_1_219' title='bbox 354 4145 475 4236; x_wconf 80' lang='lat' dir='ltr'><strong>Angel.</strong></span> <span class='ocrx_word' id='word_1_220' title='bbox 497 4148 563 4210; x_wconf 77' lang='lat' dir='ltr'><strong>Mos·</strong></span> <span class='ocrx_word' id='word_1_221' title='bbox 585 4142 746 4234; x_wconf 85' lang='lat' dir='ltr'><strong>Scriptor.</strong></span> <span class='ocrx_word' id='word_1_222' title='bbox 769 4156 872 4214; x_wconf 87' lang='lat' dir='ltr'><strong>veter.</strong></span> <span class='ocrx_word' id='word_1_223' title='bbox 895 4166 983 4212; x_wconf 84' lang='lat' dir='ltr'><strong>nove</strong></span> <span class='ocrx_word' id='word_1_224' title='bbox 999 4143 1152 4212; x_wconf 87' lang='lat' dir='ltr'><strong>collectio</strong></span> <span class='ocrx_word' id='word_1_225' title='bbox 1174 4150 1252 4208; x_wconf 84' lang='lat' dir='ltr'><strong>tom</strong></span> 
     </span>
    </p>
   </div>
   <div class='ocr_carea' id='block_1_5' title="bbox 198 4247 367 4336">
    <p class='ocr_par' dir='ltr' id='par_1_8' title="bbox 198 4247 367 4336">
     <span class='ocr_line' id='line_1_34' title="bbox 198 4247 367 4336; baseline 0.006 -21"><span class='ocrx_word' id='word_1_226' title='bbox 198 4247 240 4315; x_wconf 88' lang='lat' dir='ltr'><strong>V.</strong></span> <span class='ocrx_word' id='word_1_227' title='bbox 260 4271 294 4336; x_wconf 88' lang='lat' dir='ltr'><strong>p.</strong></span> <span class='ocrx_word' id='word_1_228' title='bbox 316 4249 367 4319; x_wconf 85' lang='grc'><strong>54.</strong></span> 
     </span>
    </p>
   </div>
   <div class='ocr_carea' id='block_1_6' title="bbox 0 0 1558 5138">
    <p class='ocr_par' dir='ltr' id='par_1_9' title="bbox 0 0 1558 5138">
     <span class='ocr_line' id='line_1_35' title="bbox 0 0 1558 5138; baseline 0 4"><span class='ocrx_word' id='word_1_229' title='bbox 0 0 1558 5138; x_wconf 95' lang='lat' dir='ltr'><strong> </strong></span> 
     </span>
    </p>
   </div>
  </div>
 </body>
</html>
