3080 5150
767 371 1005 448 -1eo-

325 543 699 618 occultadofideioum
711 545 877 614 simulatio
899 545 1148 612 Mahumetismi
1169 544 1356 614 dammim.
1376 548 1455 617 Fert.

325 651 509 716 Occultum
532 673 563 716 v.
585 653 750 717 notorium
773 659 807 715 at
829 652 1030 716 conscientia
1049 649 1238 716 informata.
1516 713 1517 736 ἢ

324 753 554 820 Octavarium
583 754 786 818 Romanum
815 774 836 818 a
866 751 1023 823 Gevanto
1056 773 1119 839 pro
1149 752 1357 820 celebrandis
1388 777 1455 820 oum
1515 755 1517 836 1

410 856 542 924 Octava
578 857 818 924 festivitatibus
850 855 1068 922 elaboratum.
1098 855 1165 921 vid.
1194 857 1277 920 im.
1307 855 1381 922 inda
1413 861 1456 922 ri·

408 967 501 1024 tuum
526 961 596 1025 187.

322 1061 459 1129 Oculus
480 1061 626 1147 triplex:

427 1164 462 1250 a)
484 1169 604 1234 mentis
625 1187 740 1253 purus,

427 1269 464 1354 b)
488 1273 640 1357 corpoeis
662 1269 814 1356 pudicus,

426 1372 460 1457 c)
482 1373 778 1440 administrationis
800 1371 970 1459 providus.

475 1474 969 1549 (ibadaidinvitbd.

323 1578 459 1644 usum
474 1613 507 1634 .-
529 1579 620 1666 quod
632 1581 754 1646 attinet
763 1578 809 1642 ad
819 1577 1112 1664 irrsguiaittatsm,
1123 1578 1186 1646 sed
1196 1579 1313 1654 neuim
1325 1583 1454 1646 canonis

407 1687 427 1746 i.
450 1705 477 1749 o.
499 1687 632 1750 sinister
643 1703 710 1750 non
728 1683 811 1758 iacit
825 1680 1123 1767 irregularitatem:
1137 1682 1323 1769 impudicus
1344 1683 1453 1748 oculus

407 1786 564 1872 impudici
593 1787 701 1852 cordis
730 1793 784 1852 est
811 1786 949 1850 nuncius
980 1805 1007 1850 c.
1031 1785 1080 1848 12.
1110 1781 1151 1850 G.
1171 1785 1333 1852 XXXII.
1351 1807 1411 1872 qu.
1429 1783 1454 1848 5.

340 1896 346 1907 “
407 1889 492 1953 Ferr.
513 1911 538 1954 s.
560 1911 591 1954 v.
615 1889 739 1955 oculus.
1276 1939 1280 1948 .

321 1990 558 2072 oeconomus,
581 1994 616 2058 in
626 1991 777 2058 Concilio
791 1989 1057 2058 Chalcedoueusi
1079 2013 1105 2057 c.
1128 1992 1180 2058 26.
1201 2000 1237 2060 et
1256 1991 1454 2058 Nineenail

405 2115 433 2160 o
458 2098 508 2164 11.
530 2104 696 2163 statutum
707 2103 777 2178 ut,
796 2105 835 2161 ut
855 2097 889 2160 in
910 2115 1112 2183 unaquaque
1125 2096 1266 2162 ecclesia
1277 2095 1454 2167 cathedrali

407 2202 855 2265 oeconomusinstituenetun
878 2219 898 2262 a
920 2197 1011 2264 clero
1033 2197 1193 2272 ecciesiae
1218 2199 1308 2265 iilius
1332 2199 1454 2284 eligen-

406 2301 479 2368 dus.
502 2303 543 2369 V.
565 2301 813 2370 vicedomnus.

320 2404 593 2472 Oecumenicum
615 2443 656 2454 -
680 2407 862 2472 concilium.

320 2508 576 2576 oecumenius
598 2545 639 2564 -ι
661 2508 856 2597 patriarcha
877 2506 1276 2596 Constantinopolitanae.

320 2611 501 2689 Officiaics
534 2635 602 2680 non
646 2620 741 2680 mant
775 2616 809 2692 in
846 2611 1003 2678 &radam
1036 2612 1192 2697 decreto,
1228 2613 1292 2684 sed
1335 2621 1450 2699 postea

407 2715 569 2782 Gratiano
592 2714 742 2802 aequalis
765 2717 937 2789 Aiecmidcr
957 2714 1018 2780 ΙΙΙ.
1040 2735 1100 2781 eos
1120 2723 1293 2782 momonat.

475 2824 579 2882 Tiom.
601 2820 627 2884 Ι.
647 2819 705 2884 lib.
728 2820 758 2884 2.
781 2840 808 2883 c.
831 2819 929 2883 it'nr.
954 2819 983 2883 l.
1005 2839 1035 2884 c.
1055 2821 1091 2884 9..
1107 2841 1157 2884 nr.
1178 2822 1208 2884 4.
1242 2889 1244 2893 ,

319 2920 489 2989 amemus
511 2957 552 2976 -
576 2922 725 3006 clerium,
746 2924 805 3008 qui
821 2921 1001 2987 molosiam
1014 2919 1175 3004 deservit,
1196 2939 1373 3002 santorum
1393 2924 1451 2986 mi.

403 3029 518 3110 nister,
537 3027 590 3091 oui
601 3025 700 3090 datur
711 3026 923 3091 beneficium:
946 3031 1023 3103 snut
1035 3023 1260 3090 archidiaconi
1276 3044 1451 3110 eorumque

404 3132 487 3196 socii
505 3165 547 3178 -
571 3131 742 3194 oeconomi
765 3136 828 3194 eto.

318 3232 488 3299 officialis
509 3234 647 3300 bediens
668 3237 688 3298 i.
707 3253 738 3300 a
758 3232 915 3306 oddoiai'm
938 3232 1076 3298 miiitum
1097 3265 1140 3289 -π
1163 3232 1300 3299 oidoier.

317 3335 482 3402 Officium
504 3345 695 3402 sanctorum
717 3373 759 3384 —
781 3336 915 3421 singula
935 3337 1034 3405 festa
1077 3337 1218 3400 rema
1235 3333 1302 3401 ind
1324 3337 1449 3399 rituum.

319 3439 444 3505 Oleum
466 3461 528 3526 pro
550 3443 697 3507 infirmis.
719 3446 830 3505 Deooti
852 3441 895 3506 de
917 3448 1055 3510 exuam.
1077 3447 1167 3504 unct.
1188 3437 1217 3523 ἓ.
1240 3441 1291 3507 811.

448 3543 566 3609 Oleum
589 3545 633 3609 dd
656 3546 810 3622 chrisma.
833 3549 944 3608 dimoti
967 3544 1009 3609 de
1029 3545 1176 3622 confirm.
1199 3542 1226 3629 5
1249 3543 1300 3610 38.

448 3647 567 3715 Oleum
590 3648 634 3713 ad
657 3649 921 3715 catechumenos.
933 3652 1043 3712 Devoti
1065 3648 1107 3714 de
1127 3649 1221 3734 bapt.
1243 3643 1343 3731 533..
1358 3667 1391 3716 n.
1405 3646 1448 3708 10.

318 3749 429 3816 timete
452 3787 494 3806 ..-
516 3755 722 3838 supecstitio.

316 3851 564 3919 oniromamia
587 3863 639 3920 est
656 3857 851 3940 'supenstido
874 3857 1028 3920 Ferant.
1050 3853 1101 3920 25.
1155 3855 1158 3868 '

316 3954 479 4038 masii
501 3993 542 4012 -η
566 3961 683 4024 messis
712 3958 818 4022 multa
846 3993 888 4014 ....
910 3959 1056 4045 operarii
1083 3958 1184 4042 pauci
1213 3977 1240 4023 c.
1264 3954 1292 4022 5.
1322 3962 1448 4020 extrav.

403 4081 517 4129 comm.
540 4059 584 4127 de
603 4061 815 4148 praebendis.
1514 4071 1515 4084 ¹

316 4157 445 4244 Opinio
465 4197 508 4217 -ψ
531 4168 645 4251 opinio
665 4164 859 4252 probabitis.
881 4167 965 4232 Fen.
977 4163 1244 4250 probabilismus.

316 4263 507 4348 opiniones
520 4266 692 4334 doctorum
700 4269 802 4332 hodie
812 4267 1021 4354 probabilem
1028 4273 1157 4334 timum
1169 4266 1321 4336 obtinent
1328 4271 1445 4337 wew-

401 4372 533 4436 ritatem
545 4407 579 4422 -
597 4393 705 4458 neque
727 4371 940 4458 obligantem.
952 4372 1125 4457 Majonam
1145 4371 1211 4438 nim
1226 4368 1351 4438 habent
1374 4368 1445 4452 opi-
