3108 5138
762 327 976 394 ..40-

343 499 379 586 4)
404 501 611 566 consecratio
634 501 654 564 i.
677 521 703 566 e.
726 503 897 566 coronatio
920 503 1115 588 principum.
1135 501 1250 568 Tertia
1263 523 1347 589 pars
1372 503 1446 570 De-

404 607 486 669 creti
506 625 589 690 prae
612 624 650 669 se
672 603 740 668 fert
762 625 945 689 cognomen
968 605 1031 689 „de
1053 606 1336 672 consecratione.“

301 705 530 772 Consecrafio
551 709 585 770 in
607 727 769 772 canone
790 710 913 772 missae
935 711 955 772 i.
980 729 1007 774 e.
1029 709 1381 774 transsubstantiatio.

301 811 602 876 conservatores:
622 811 779 896 episcopi,
803 811 945 877 abbates
964 820 998 876 et
1019 812 1075 876 alii
1096 811 1261 877 habentes
1283 820 1444 898 potesta-

386 920 454 978 tem
475 920 617 998 possunt
640 932 714 977 esse
737 921 1003 996 conservatores,
1034 919 1069 979 et
1098 933 1119 977 0
1141 913 1222 980 sede
1253 915 1445 1000 apostolica

387 1015 584 1100 delegantur
630 1013 672 1080 de
708 1014 912 1101 inquirendis
953 1017 1202 1082 manifestis
1245 1017 1445 1101 injuriis:

336 1165 344 1179 .
388 1121 538 1184 canonici
559 1140 639 1184 vero
662 1127 805 1205 possunt
827 1139 902 1185 esse
924 1119 1071 1206 delegati
1094 1120 1280 1185 adunam
1303 1141 1444 1186 oausam

387 1222 663 1308 investigandam.
693 1223 737 1309 gl.
760 1224 803 1289 ad
825 1245 853 1290 o.
877 1224 925 1288 15.
948 1227 983 1288 in
1006 1232 1104 1290 sexto
1127 1225 1152 1289 I.
1176 1227 1225 1289 14.
1255 1244 1444 1290 conserva-

386 1333 478 1391 tores
500 1327 592 1393 urbis
614 1326 786 1392 Romanae
808 1326 899 1413 apud
921 1331 1102 1406 Ripoaticm
1126 1349 1151 1392 s.
1173 1327 1205 1391 h.
1227 1349 1258 1392 v.
1330 1400 1333 1408 ¹

302 1427 514 1494 ConstItutio
537 1430 719 1514 pontificis:
741 1432 774 1492 in
798 1451 865 1515 qua
885 1430 1037 1494 Romano
1060 1432 1208 1516 pontifici
1236 1431 1314 1496 lieet
1335 1451 1444 1496 novas

388 1531 531 1598 condere
553 1532 654 1617 leges.
679 1553 706 1597 0.
731 1535 758 1598 6.
782 1532 820 1598 Ο.
841 1532 961 1598 XXV.
985 1555 1040 1619 qu.
1066 1536 1094 1598 1.

304 1632 582 1701 Constitutiones
605 1633 837 1717 Aegidiauae:
866 1639 1013 1700 eontinet
1044 1635 1308 1702 codificationem
1330 1636 1445 1722 legum

389 1741 562 1803 civitatum
592 1740 813 1824 quarumdam
835 1747 869 1804 et
891 1742 1137 1825 provinciarum
1166 1739 1340 1804 Marchiae
1369 1740 1444 1804 An-

390 1843 568 1906 conitanae
597 1843 784 1906 confectam
807 1863 827 1905 a
851 1829 1032 1906 Cardinale
1061 1845 1185 1921 Aepidio
1215 1841 1251 1927 (a
1273 1840 1443 1925 Viterbo),

389 1943 617 2008 confirmatam
639 1966 660 2008 a
682 1945 721 2010 P.
737 1943 771 2010 S.
795 1941 893 2009 Sixto
916 1952 1046 2034 quarto.
1070 1943 1152 2010 Cfas
1175 1949 1321 2022 Roschirt,
1345 1945 1444 2028 Dog-

391 2047 663 2132 mengeschichte
684 2064 724 2132 p.
739 2048 789 2112 50.
810 2055 878 2112 not.
902 2050 931 2113 1.
955 2055 988 2112 et
1010 2051 1173 2130 Braneati,
1196 2047 1354 2133 Epitome
1365 2067 1442 2134 pag.

393 2149 465 2214 152.
509 2153 626 2226 aecae,
651 2149 864 2234 allgemeines
878 2149 1163 2216 Gelehrten-Lex.
1187 2172 1212 2215 s.
1237 2173 1268 2216 v.
1290 2156 1442 2230 Aepc'diur.

307 2249 584 2317 constitutiones
608 2253 864 2320 ecclesiasticae.

427 2354 553 2420 Earum
576 2359 721 2442 origines
744 2359 891 2422 invenies
904 2355 980 2421 dist.
993 2355 1043 2421 15.
1056 2359 1308 2422 constitutiones
1326 2358 1442 2444 spari,

390 2459 589 2545 synodicae,
620 2461 810 2546 encyclicae
838 2462 872 2524 in
901 2463 1136 2526 commentario
1162 2463 1227 2546 jur.
1259 2481 1330 2527 ean.
1354 2460 1442 2526 cele-

390 2565 527 2628 berrimi
549 2567 684 2649 Petilips.

430 2665 693 2732 Constitutiones
727 2669 883 2750 Clementis
911 2665 952 2731 V.
982 2668 1153 2732 inordina
1179 2665 1382 2752 judiciorum
1411 2668 1442 2728 in

395 2761 617 2837 Clementinis.

322 2887 325 2896 '
431 2871 693 2938 Constitutiones
728 2871 884 2935 demate
902 2873 947 2937 V.
976 2876 1010 2937 in
1040 2871 1191 2939 Concilio
1212 2871 1395 2938 Viennensi
1410 2875 1442 2935 in

393 2975 504 3042 Gallia
526 3011 567 3020 —
591 2969 740 3040 editaea
763 2981 950 3057 Hieronymo
979 2981 1175 3040 Boidoeatnio
1197 2978 1325 3043 Romae
1350 2979 1441 3042 1769.

391 3103 421 3143 v.
444 3079 601 3144 Bullaria.
645 3080 819 3146 Rubricae.

306 3171 582 3248 Constitutiones
603 3185 780 3269 pontificis,
804 3201 891 3271 quae
913 3192 991 3250 sunt
1011 3191 1113 3250 extra
1135 3205 1256 3271 corpus
1275 3187 1361 3272 juris
1386 3205 1441 3250 ca-

396 3309 514 3354 nomer.

408 3391 448 3457 In
466 3393 549 3477 ipsis
572 3395 701 3458 nonnisi
723 3391 827 3458 verba
850 3394 994 3478 genuina
1017 3401 1119 3478 atque
1149 3395 1289 3478 antiqua
1308 3393 1440 3478 linguae

391 3496 516 3560 latinae
538 3503 751 3581 usurpantur,
774 3496 917 3581 ideoque
932 3517 998 3560 non
1020 3505 1097 3561 sunt
1112 3498 1339 3583 respiciendae
1363 3517 1440 3561 con-

391 3601 581 3664 stitutiones
605 3599 669 3664 hae
689 3599 829 3685 papales
852 3602 886 3663 in
907 3608 1023 3666 nostro
1046 3601 1110 3664 hoc
1132 3600 1226 3666 libro.
1265 3583 1267 3588 ’

380 3754 383 3760 .
407 3703 620 3768 Referendae
643 3709 721 3766 sunt
743 3711 777 3767 et
792 3724 862 3788 eae,
886 3724 973 3788 quae
996 3703 1040 3767 ad
1070 3703 1199 3769 athicen
1229 3703 1441 3768 christianam

391 3809 567 3892 pertinent,
591 3825 617 3869 e.
642 3827 674 3890 g.
697 3810 769 3867 Pius
780 3805 821 3870 V.
843 3807 1062 3892 prohibuerat
1080 3797 1253 3874 taurorum
1279 3826 1440 3893 pugnam:

391 3908 483 3972 illam
504 3915 616 3974 tamen
644 3915 765 3996 postea
796 3909 850 3974 edi
879 3915 1046 3976 concessit
1075 3912 1239 3990 &reportas
1258 3905 1356 3976 XIII.
1380 3930 1441 3974 ex-

393 4015 498 4097 ceptis
523 4013 643 4078 diebus·
658 4013 766 4098 festis,
790 4019 823 4078 et
839 4015 1034 4079 caventibus
1049 4013 1312 4098 magistratibus,
1336 4033 1441 4098 quan-

391 4123 461 4180 tum
483 4123 632 4201 possent,
654 4137 696 4180 ne
719 4120 855 4203 sanguis
884 4119 1046 4182 humanus
1075 4119 1108 4179 in
1138 4135 1179 4181 ea
1209 4115 1440 4180 effunderetur.

306 4217 582 4286 Constitutioues
612 4221 777 4305 pontificis
808 4221 958 4286 omnibus
987 4219 1205 4285 insinuandae
1237 4227 1330 4284 erant
1353 4222 1440 4304 epis-

393 4326 496 4418 copis,
518 4325 582 4392 nisi
604 4334 701 4396 erant
720 4329 893 4418 rescripta.
917 4330 1028 4389 Pontio
1051 4326 1175 4416 antiqu.
1199 4345 1231 4416 p.
1256 4324 1305 4389 13.
1330 4324 1379 4390 14.
