3080 5150
562 385 800 454 -137-

201 559 427 630 ministrandis
450 558 934 647 sacramentis‘poeuitoutiaQ
962 561 1164 626 matrimonii
1192 565 1244 628 eto

204 671 320 746 Knopp
341 669 376 730 in
397 665 510 730 libello
532 665 574 730 de
595 668 809 752 poenitentia,
834 664 876 730 do
898 666 1118 732 matrimonio.

113 773 309 838 Paroohus
330 767 531 836 deservitur
550 775 603 834 ast
624 771 777 834 meamus.
801 767 841 832 V.
859 770 1039 852 nogotium.

107 877 314 955 Paroobus,
336 895 367 942 v.
389 873 670 960 Xenoparoohus.

108 979 259 1046 Pascha
281 985 334 1044 ast
355 976 527 1062 quodlibet
549 997 706 1060 maguum
727 975 867 1042 festumr
891 995 917 1040 a
940 995 972 1060 g.
994 982 1188 1060 pentecoste
1199 975 1255 1042 vel

201 1080 331 1169 paseha
352 1078 511 1144 rosade
534 1079 624 1166 apud
653 1079 757 1146 Italos
789 1085 824 1144 et
843 1078 1032 1165 Hispanos,
1062 1081 1141 1166 quia
1169 1081 1254 1144 inei-

208 1185 287 1250 doro
308 1183 397 1250 solet
416 1185 450 1246 in
471 1189 602 1268 tempus
625 1203 787 1248 rosarum.

244 1289 283 1356 In
304 1307 407 1354 seusu
428 1285 566 1373 speciali
589 1293 642 1352 est
663 1285 790 1372 pascha
810 1285 935 1352 festum
956 1287 1217 1352 resurrectionis.

114 1392 308 1460 Pastillunr
331 1427 373 1438 —
397 1390 562 1476 quaedam
583 1393 814 1454 remuneratio.
861 1392 971 1472 Hesele,
992 1388 1052 1454 III.
1073 1411 1107 1475 p.
1130 1389 1182 1456 54.

107 1494 396 1580 Pastopborium
419 1529 460 1542 -
484 1493 659 1560 custodum
689 1501 725 1558 ot
751 1494 974 1560 ministrorum
1002 1492 1118 1578 templi
1146 1491 1254 1558 domi-

201 1600 321 1667 uilium.

270 1707 382 1766 Devoti
404 1701 568 1768 derebus
592 1723 676 1770 soor.
698 1701 821 1768 Institt.
843 1699 870 1784 ἓ.
895 1701 944 1767 15.
959 1701 1196 1768 -saerarium
1212 1733 1252 1750 ··-

203 1805 307 1875 cellas
317 1827 454 1893 parvae,
477 1810 518 1868 do
540 1808 660 1870 Freaae.

268 1913 363 1992 moy,
386 1908 529 1995 apostol.
551 1907 692 1974 Constit
715 1929 747 1994 p.
770 1910 842 1973 111.

110 2013 238 2080 Patria
258 2017 429 2098 potestas.
472 2012 526 2078 Ds
544 2011 609 2076 hae
629 2032 666 2076 ra
689 2011 869 2078 secuudum
893 2010 1078 2078 doctrinam
1096 2011 1253 2078 christia-

203 2137 279 2182 nam
303 2116 464 2201 disputat.
486 2118 597 2178 Bened.
618 2113 718 2182 XIV.
742 2115 772 2180 d.
795 2137 821 2180 s.
845 2115 876 2178 d.
898 2113 953 2180 lib.
975 2117 1004 2178 9.
1027 2136 1054 2180 o.
1077 2116 1128 2180 11.

244 2218 334 2298 Quid
355 2218 446 2284 valet
467 2240 499 2304 p.
520 2239 552 2304 p.
574 2220 608 2282 in
640 2217 853 2303 sponsalibus
882 2217 1088 2304 impuberum
1110 2216 1253 2282 filiorum

199 2320 459 2390 contrahendis?

273 2448 299 2491 a
324 2427 351 2488 1.
374 2424 422 2490 X.
445 2424 487 2489 de
510 2422 665 2510 despons.
686 2424 810 2510 impub.
831 2422 890 2529 lV.
913 2423 941 2488 2.

111 2530 223 2596 Pater
244 2528 331 2594 filios
354 2527 444 2593 alere
468 2525 580 2610 debet,
602 2529 732 2596 etiamsi
754 2547 797 2592 ex
818 2528 942 2613 injusto
966 2528 1055 2593 ooitu
1077 2523 1251 2614 prodeunt.

200 2654 228 2698 o.
251 2631 280 2697 5.
302 2629 416 2696 X.-de
439 2651 489 2710 so,
514 2633 570 2715 qui
592 2630 688 2695 duxit
709 2633 744 2694 iu
765 2637 861 2697 matr.
883 2628 941 2698 IV.
966 2632 995 2695 7.

107 2734 269 2801 Palatia.
292 2735 472 2814 &eborum
493 2736 634 2799 Leainon.

106 2836 344 2904 Patriarobae
366 2871 408 2884 -
430 2843 566 2923 patrum
586 2837 764 2922 principes.

266 2945 388 3024 Devoti,
412 2940 454 3005 do
475 2939 656 3026 patriarch.
678 2939 775 3006 Instt.
799 2937 826 3024 §-
849 2939 900 3006 33.

243 3042 328 3108 Tres
359 3049 454 3108 erant
483 3041 703 3106 Patriarohas
734 3063 754 3106 a
785 3042 888 3107 Petro
920 3044 995 3128 ipso
1024 3043 1185 3126 instituti,
1216 3046 1250 3106 in

199 3145 294 3230 Asia,
317 3145 447 3225 Africa,
463 3143 618 3230 Europar
637 3143 875 3228 Antiochenus,
894 3143 1155 3228 Alexandrinus,
1177 3145 1251 3209 Ro-

199 3269 326 3313 manus.

241 3349 565 3435 Hierosolymitanus
581 3349 624 3414 ab
637 3349 780 3414 ecelesia
795 3353 1017 3436 primaeva
1040 3347 1250 3416 Christiano-

196 3474 269 3518 rum
291 3487 333 3500 -
356 3451 745 3538 Constantinopolitauus
774 3456 873 3538 quasi
901 3453 974 3519 Neo
997 3453 1167 3520 Romanus
1191 3475 1250 3520 so-

196 3555 363 3623 lummodo
385 3555 517 3620 titulum
539 3556 794 3622 Patriarehatus
818 3564 1023 3643 receperunt

241 3658 338 3726 Nunc
367 3659 587 3724 Patriarohae
615 3681 736 3726 revera
776 3661 968 3728 titulati:
997 3693 1039 3707 —
1069 3679 1248 3728 concessus

197 3762 315 3828 titulus
338 3764 498 3848 episeopo
523 3761 691 3828 Gradensi
719 3771 754 3828 et
786 3763 973 3850 Aquiliensi
996 3798 1034 3810 -—
1059 3771 1138 3828 tuno
1159 3762 1249 3828 Ulli-

197 3868 345 3953 ponensi
361 3873 395 3932 et
417 3864 587 3932 Indiarum
605 3866 888 3953 Arebiepisoopis.

239 3969 392 4054 Denique
413 3967 633 4034 Patriarohaa
657 3969 721 4053 „de
743 3970 845 4036 Greci
870 3970 1031 4058 Molchia,
1062 3970 1104 4037 da
1132 3973 1249 4038 Maro-

197 4073 269 4144 niti.
292 4069 333 4136 da
357 4067 434 4156 Siri,
457 4070 510 4138 dei
533 4070 661 4156 Caldsi
686 4073 776 4159 degli
797 4073 953 4141 Armeni“
971 4107 1012 4122 —··
1029 4077 1248 4161 quarumdam

194 4175 365 4238 nationum
388 4172 643 4242 catholicarum.

267 4274 456 4346 Craooas
481 4277 573 4346 1859.
595 4299 627 4366 p.
650 4279 700 4346 86.
723 4280 774 4350 87.

101 4363 369 4452 Patrimonium
392 4383 551 4452 Patri-
574 4390 626 4452 est
648 4383 827 4452 dominium
849 4385 1052 4456 territoriale
1074 4392 1109 4456 ot
1131 4409 1247 4456 saeuu-
