3088 5140
755 347 992 414 -200-

675 621 887 718 Periodus
919 620 1066 716 ultera

356 837 442 902 quae
464 837 530 883 non
545 813 660 920 ,solum
682 815 855 888 scientim
876 813 938 880 sed
961 815 1061 880 etiam
1083 819 1209 880 statum
1230 812 1402 900 politicum

698 917 882 986 reformare
903 915 1042 984 studuit

390 1107 468 1176 Jam
492 1127 579 1196 quae
601 1108 739 1172 mutatio
762 1105 825 1172 sub
843 1103 967 1172 Ottons
990 1103 1136 1172 Henrico
1162 1127 1248 1172 anno
1270 1105 1442 1174 millesimo

304 1215 565 1300 quingentesimo
579 1210 854 1297 quinquagesimo
878 1215 997 1275 octavo
1019 1207 1111 1276 facta
1128 1218 1190 1290 est,
1213 1213 1267 1276 cui
1287 1211 1444 1276 nonnulla

303 1325 422 1402 postca
445 1335 530 1380 anno
552 1336 594 1378 m.
616 1335 648 1399 q.
669 1313 919 1400 septuagesimo
942 1315 1058 1398 quinto
1082 1321 1309 1396 accesserunt,
1334 1334 1444 1380 eeac-

304 1420 450 1484 onratius
472 1416 568 1482 nobis
590 1413 798 1502 inspicienda
820 1417 892 1480 erit.
935 1413 988 1480 Ac
1010 1417 1092 1482 satis
1114 1417 1201 1480 inter
1224 1437 1340 1482 omnes
1365 1439 1444 1483 con-

304 1528 391 1602 stat,
421 1519 669 1607 typographica
706 1525 779 1584 arte
808 1519 943 1584 inventa
973 1537 1128 1604 magnam
1158 1521 1303 1586 omnium
1333 1541 1445 1586 rarum

303 1622 445 1709 indeque
469 1625 570 1688 etiam
585 1621 755 1688 literarum
779 1627 812 1686 et
833 1621 1018 1686 studiorum
1033 1624 1248 1688 mutationem
1271 1624 1445 1688 essealla-

302 1733 382 1811 tam,
406 1725 492 1792 adeo
514 1731 552 1790 ut
571 1723 648 1790 libri
676 1725 767 1810 typis
797 1726 952 1811 expressi
973 1745 1053 1789 mox
1082 1727 1117 1788 in
1145 1723 1255 1789 locum
1284 1725 1444 1792 librorum

303 1831 603 1915 manuscriptorum
619 1826 786 1912 cederent,
810 1830 867 1914 qni
885 1829 950 1914 ipsi
961 1827 1122 1914 paulatim
1142 1829 1348 1912 interierunt,
1373 1851 1445 1896 cum

302 1953 369 1998 non
391 1931 532 2018 amplius
552 1929 839 2013 describerentur,
861 1950 923 1996 nec
936 1933 1064 2014 mirum,
1086 1949 1242 2015 magnam
1258 1952 1396 2018 quoque
1413 1934 1444 1996 id

302 2037 370 2100 vim
392 2035 584 2100 exercuisse
606 2036 640 2098 in
659 2033 904 2100 Universitates
918 2053 1114 2119 omnemque
1129 2033 1316 2100 studiorum
1336 2037 1446 2100 ratio-

302 2158 387 2219 nem,
400 2157 487 2222 quae
501 2139 609 2202 omnia
618 2135 682 2202 hoc
693 2135 768 2202 loco
780 2135 915 2200 uberius
926 2138 1084 2222 persequi
1095 2144 1286 2202 nonvacat:
1297 2137 1333 2202 id
1345 2159 1445 2202 unum

301 2240 397 2306 nobis
420 2239 618 2306 monendum
641 2245 703 2322 est,
730 2239 786 2322 jue
819 2237 1022 2306 Canonicum
1049 2241 1121 2306 fere
1149 2239 1338 2326 neglectum
1363 2261 1445 2308 essa

304 2341 385 2410 Otto
413 2342 578 2406 Henricus
607 2343 640 2404 in
668 2341 906 2406 reformatione
935 2344 1012 2406 anni
1043 2363 1084 2406 m.
1115 2365 1146 2428 q.
1175 2345 1444 2430 quinquagesimi

303 2446 415 2510 octavi
438 2442 601 2530 duplicem
623 2442 942 2509 Jurisconsultorum
964 2443 1168 2528 facultatem,
1192 2449 1391 2512 canonicam
1415 2454 1446 2512 et

301 2546 498 2631 logisticam,
521 2545 657 2612 sustulit
680 2566 787 2633 eoque
811 2547 955 2614 studium
973 2548 1059 2634 juris
1076 2546 1235 2614 Oanonioi
1248 2548 1351 2636 plane
1363 2573 1445 2637 sup-

302 2653 436 2736 pressit,
459 2651 510 2715 his
533 2650 663 2716 verbisz

457 2749 587 2816 wiewol
608 2771 708 2816 unsre
729 2751 910 2818 vorfehren
940 2753 1032 2818 disse
1064 2753 1122 2818 der
1149 2755 1446 2840 juristenfakultiit

458 2855 491 2917 in
513 2873 607 2938 zwey
630 2852 728 2920 Theil
749 2853 891 2920 niimlioh
914 2852 975 2922 das
999 2860 1192 2922 canonicum
1222 2855 1305 2924 oder
1337 2864 1446 2945 geist-

457 2956 524 3021 lich
545 2956 657 3022 Recht
678 2956 746 3022 und
769 2957 830 3022 des
853 2956 1000 3024 weltlioh
1031 2959 1127 3024 civile
1157 2969 1306 3046 genennt
1328 2971 1446 3030 unter-

458 3057 616 3126 scheiden
637 3058 705 3124 und
727 3058 868 3144 getheilt
890 3095 931 3108 -
954 3083 992 3126 so
1015 3060 1126 3127 haben
1147 3065 1209 3128 wir
1225 3063 1315 3144 doch
1337 3086 1446 3151 ange·

458 3261 561 3332 Stiick
582 3285 934 3352 zusammengozogen.

408 3367 514 3434 Addit
534 3367 638 3434 idem:

1524 3059 1526 3176 l

457 3161 559 3229 seben
581 3165 849 3248 gegenwiirtiger
872 3163 1069 3246 Zeitlaufte,
1104 3165 1317 3250 obgenannte
1348 3168 1446 3234 beide
1525 3179 1526 3218 l

458 3489 528 3536 wer
552 3469 754 3558 (professor)
778 3475 830 3538 ein
846 3472 989 3540 anderes
1004 3474 1097 3542 lesen
1112 3475 1226 3542 wollte
1249 3476 1299 3544 sls
1325 3497 1445 3544 secun·
1525 3487 1526 3546 Τ

458 3572 536 3638 dum
558 3573 773 3640 decretalium
796 3609 837 3622 -
859 3575 938 3642 dass
962 3599 997 3643 er
1020 3577 1152 3644 solches
1176 3601 1280 3645 auvor
1302 3581 1443 3647 Decano
1525 3565 1526 3650 l

460 3683 494 3740 et
515 3675 671 3743 facultati
688 3677 852 3762 juridicos
884 3680 938 3746 die
960 3678 1093 3746 Sachen
1121 3704 1163 3747 zu
1192 3687 1352 3766 erwiigan
1375 3683 1445 3749 und
1525 3677 1526 3708 ³

458 3801 500 3845 zu
522 3778 707 3864 hedenham,
731 3782 773 3846 ob
797 3803 833 3849 es
862 3783 1008 3850 niitzlich
1035 3784 1105 3849 und
1134 3785 1219 3851 ohne
1250 3785 1445 3872 Verlezung
1525 3827 1526 3832 κ

456 3902 596 3949 unserer
618 3882 831 3950 christlichen
853 3885 1009 3973 Religion
1030 3889 1191 3957 bestehen
1212 3893 1318 3974 miige.
1334 3899 1401 3958 eto.

391 3983 586 4063 Quomodo
609 3987 682 4054 lieri
703 3991 822 4086 potuit,
845 3996 882 4055 ut
904 3993 1022 4056 seriori
1052 4000 1203 4079 tempore
1234 4015 1255 4056 a
1276 3994 1443 4061 facrultate

301 4091 378 4175 ipse·
399 4087 443 4151 ad
466 4088 640 4156 electorem
663 4092 902 4160 rescriberetur
912 4092 964 4178 *):

305 4245 511 4258 *—

371 4328 402 4401 *l
420 4334 540 4389 Annales
558 4338 577 4387 t
595 4337 644 4390 XL
663 4335 707 4392 iol
724 4337 866 4392 ati—280.

1524 3981 1526 4046 l
