3088 5140
524 373 895 460 nih„

154 550 356 629 confectum.
378 551 428 615 uti
450 548 571 632 dicunt,
596 549 639 614 ab
652 548 802 617 omnibus
818 546 915 620 simul
931 547 1103 635 apostolis,
1127 569 1214 635 quo-

155 675 229 718 rum
241 655 387 738 quisque
410 651 555 738 aliquem
577 650 769 718 morsellum
799 671 859 718 sou
887 651 1087 737 particulam
1107 637 1215 739 quanL

156 755 234 827 dam
267 757 467 841 apposuisse
497 755 611 824 fertur.
655 754 693 821 In
717 774 839 838 genero
861 763 912 824 eat
934 755 1121 839 symbolum
1142 759 1215 842 sig·-

159 879 237 933 num
251 864 289 922 et
310 856 428 942 regula
450 856 539 940 fidei,
561 857 674 928 brevis
698 855 946 930 credendorum
963 857 1123 928 collectio.

78 974 319 1059 syuaxarium
340 1011 381 1028 -
399 975 552 1047 collectio
566 974 732 1062 quaedam
754 973 983 1059 Orientalium,
1007 999 1106 1062 quam
1128 982 1216 1043 reci-

157 1088 232 1146 tare
257 1080 414 1146 solebant
443 1086 522 1166 post
558 1079 735 1147 lectionem
773 1087 907 1144 sextam
943 1077 1108 1149 Sabbathi
1138 1088 1216 1146 ante

159 1184 360 1251 dominicam
382 1179 631 1268 sexagesimae.
653 1185 765 1246 Baard.
787 1181 884 1248 XIV.
909 1181 950 1248 de
972 1182 1089 1268 synod.
1112 1181 1216 1249 dioec.

157 1285 299 1362 litavi.
322 1306 350 1352 c.
372 1287 400 1352 3.
423 1307 473 1352 nr.
497 1287 525 1349 7.

80 1405 231 1488 Synaris
267 1427 365 1471 sacra
388 1413 421 1470 et
450 1405 609 1488 collecta,
631 1409 652 1472 i.
677 1426 704 1470 a.
728 1413 909 1471 conventus
933 1414 967 1471 et
999 1405 1216 1492 odngregatio

159 1509 322 1585 fidelium,
344 1512 402 1594 qui
425 1509 469 1573 ad
490 1507 682 1574 fraudandos
704 1529 823 1596 preces
853 1511 1069 1574 conveniunt:
1099 1529 1216 1576 cursus

161 1613 429 1695 ecclesiasticus,
463 1633 562 1699 quem
595 1612 734 1697 singulis
772 1611 890 1678 diebus
928 1613 1043 1677 confici
1058 1621 1216 1699 oportet,

163 1723 196 1782 st
217 1716 422 1786 breviarium
445 1718 542 1802 quasi
565 1736 693 1781 summa
722 1735 875 1802 precum,
911 1722 948 1780 ut
971 1715 1116 1780 divinum
1139 1716 1217 1782 offi-

164 1821 250 1884 cium
273 1825 366 1884 racis
388 1819 611 1906 persolvatur.

85 1919 231 2002 Synooiii

123 2023 156 2109 a)
174 2029 369 2113 antiquitus,
393 2028 547 2111 quicum
570 2029 728 2113 episcopo
751 2028 784 2090 in
804 2023 1218 2109 eademoeilamanebaut,

178 2137 217 2194 ut
237 2132 330 2194 vitae
352 2129 424 2214 ejus
448 2136 481 2194 et
511 2131 653 2194 omnium
676 2131 748 2219 ejus
779 2131 946 2194 actionum
968 2136 1073 2195 testes
1097 2135 1218 2195 essent.

183 2237 338 2298 idomate.
361 2233 386 2298 Ι.
406 2233 461 2300 lib.
484 2234 513 2298 2.
538 2254 564 2296 o.
589 2235 659 2298 100.
682 2254 730 2297 nr.
755 2234 783 2298 1.

121 2349 159 2439 b)
182 2353 329 2440 dignitas
353 2353 581 2420 ecclesiastica
603 2356 782 2440 posteriori
804 2361 966 2440 tempore,
989 2375 1055 2444 qua
1079 2356 1136 2442 qui
1159 2374 1218 2419 oo-

182 2457 382 2536 honestatus
400 2464 483 2541 erat,
501 2459 535 2521 in
554 2455 760 2550 eadem‚'qun
772 2459 959 2544 episcopus,
971 2457 1069 2530 domo
1085 2456 1219 2522 habita-

178 2561 257 2646 bat,
294 2560 434 2646 ejusque
461 2559 635 2624 familiaris
658 2558 713 2625 vel
742 2557 948 2626 conciliarius
972 2558 1218 2632 ecclesiasticus

184 2668 332 2730 erat.·ciu
354 2665 464 2727 Frerae
486 2685 512 2728 s.
534 2663 565 2727 h.
587 2683 610 2725 v

88 2782 304 2870 synderesis
328 2781 543 2872 Syntheresis
567 2790 619 2850 est
641 2804 722 2872 pars
744 2781 959 2872 prudentiae,
988 2805 1075 2872 quae
1104 2783 1220 2872 procul
1253 2817 1259 2824 -

167 2887 276 2970 videt,
307 2908 380 2960 cum
418 2886 609 2955 considerat
632 2885 886 2970 consideranda,
924 2884 1219 2974 (circumspectio).

236 2991 290 3057 Gl.
311 2990 357 3059 ad
387 2997 517 3058 extrav.
549 3010 663 3055 comm.
697 3012 723 3055 o.
746 3012 799 3055 un.
822 2989 865 3054 ΙΙ.
889 2990 917 3054 6.
939 3011 1028 3077 resp.
1044 3004 1078 3054 ⁴o.
1104 2993 1152 3065 19.
1177 2989 1220 3053 do

279 3096 402 3180 poenit.
433 3093 509 3168 dist.
534 3096 561 3159 1.
585 3115 611 3158 c.
635 3092 665 3159 5.
696 3091 737 3157 de
767 3096 890 3182 poenit.
922 3092 999 3168 dist.
1023 3093 1051 3158 5.
1074 3091 1115 3158 V.
1139 3113 1220 3160 oon-

277 3199 424 3275 scientia.

91 3315 251 3398 synodus
290 3319 490 3394 dioecesana
521 3325 573 3394 eat
602 3316 798 3406 complexus
837 3316 917 3385 clari
940 3316 1137 3394 ‚dioecesani
1173 3315 1219 3380 ad

168 3421 368 3498 audiendum
390 3427 552 3496 statutum
576 3419 769 3492 dicoroeseos
793 3427 826 3486 et
846 3439 964 3493 vocem
989 3421 1155 3508 episcopi,
1178 3419 1222 3482 ad

168 3523 417 3622 cognoscendas
441 3524 502 3598 sed
524 3545 590 3592 non
614 3522 820 3603 intuendas
842 3521 935 3610 leges
964 3522 1222 3596 ecclesiasticas.

213 3629 253 3702 Iu
274 3631 349 3726 ipsa
372 3627 559 3704 ostenditur
583 3628 768 3716 conjunctio
792 3626 988 3702 clericorum
1008 3628 1221 3701 intimatum

168 3735 324 3821 episcopo
355 3739 389 3798 et
418 3730 578 3816 ecclesia,
607 3737 893 3818 recognoscuntur
922 3747 1035 3808 omnes
1066 3747 1221 3810 canonos,

167 3834 309 3920 ideoque
332 3837 491 3920 scriptirm
514 3841 567 3899 est
578 3833 827 3903 celeberrimum
848 3849 934 3921 opus
955 3833 1111 3904 Benedicta
1121 3828 1221 3912 XIV,

169 3937 210 4002 de
232 3937 361 4022 synodo
386 3937 602 4002 dioecesana:
632 3940 729 4030 quasi
752 3935 980 4026 compendium
998 3935 1084 4022 Juris
1108 3931 1222 4000 Cano·

170 4043 243 4109 uici.
286 4041 472 4106 Historiam
495 4040 609 4126 synod.
641 4039 745 4106 dioec.
779 4039 927 4125 explicat
958 4041 1062 4100 Thom.
1084 4037 1144 4102 III.
1165 4036 1229 4102 lib.v
1334 4070 1337 4086 ›

171 4144 200 4209 3.
222 4144 311 4211 aas.
324 4144 365 4210 V.
378 4142 496 4228 synod.
518 4143 680 4228 Mogont,
705 4139 831 4226 colon„
855 4138 1052 4226 Salisburg.,
1068 4141 1165 4207 Mati.
1187 4147 1222 4205 et

172 4246 213 4311 al.
234 4250 267 4312 in
288 4249 470 4327 Freiburyer
491 4249 632 4310 Lericoa.

208 4349 472 4416 Examinatores
514 4349 780 4435 prosynodales
821 4351 995 4414 constituit
1034 4349 1220 4434 episcopus.
