3108 5138
755 315 971 424 Lag..

296 518 603 598 Cathcchumenus
624 565 667 580 -
685 529 951 598 catechumenus
966 529 1110 614 auditor,
1133 531 1330 600 candidatus
1342 533 1438 601 chri-

381 635 511 698 stianae
532 634 711 720 religionis.
755 638 895 698 Dirlcaen.

296 735 473 802 cathedra
493 736 600 804 Petri.
622 737 851 804 Allocutiones
876 759 919 804 ex
932 738 1091 804 cathedra
1102 739 1197 804 Petri
1218 746 1298 804 sunt
1319 745 1437 808 scita

339 845 344 856 “
386 839 557 906 ecclcsiae.
1007 927 1012 936 1
1211 918 1221 936 .

296 942 582 1010 cathedraticum
604 944 673 1012 vel
696 945 738 1010 ab
763 948 933 1032 episcopo,
956 967 1119 1012 consensu
1150 947 1331 1014 accedente
1354 949 1438 1012 fun-

382 1045 510 1112 datoris
540 1047 703 1112 ecclesiae
725 1057 951 1133 consecratae,
974 1057 1135 1136 tanquam
1158 1071 1277 1116 census
1307 1055 1438 1116 consti-

380 1157 485 1234 tutus,
507 1151 576 1215 vel
604 1157 763 1237 tanquam
787 1153 945 1218 tributum
975 1151 1144 1238 quoddam
1167 1153 1437 1218 ordinarium

379 1253 425 1324 ¹ab
448 1252 597 1319 ecclesiis
627 1254 763 1340 singulis
795 1259 970 1342 quotannis
992 1259 1026 1320 in
1055 1258 1187 1342 signum
1216 1257 1436 1343 subjectionis

382 1355 437 1422 vel
465 1359 499 1421 in
528 1356 687 1422 honorem
719 1357 900 1424 cathedrae
929 1358 1128 1445 episcopalis
1162 1359 1359 1424 solvendum
1392 1395 1436 1406 -

382 1461 560 1546 opponitur
582 1460 706 1526 tributo
730 1459 1008 1544 extraordinario,
1033 1461 1124 1548 quod
1145 1465 1357 1528 caritativum
1379 1464 1437 1528 vel

381 1566 575 1648 procuratio
597 1572 816 1650 nuncupatur.
837 1568 957 1642 Donati,
981 1565 1104 1630 Institt.
1119 1566 1170 1632 ed.
1193 1567 1293 1633 caua.
1316 1587 1347 1652 p.
1361 1567 1436 1631 695.

380 1664 457 1730 Non
472 1687 548 1730 raro
572 1666 762 1752 appellatur
777 1667 1020 1752 synodaticum,
1044 1671 1123 1754 qnia
1143 1672 1178 1734 in
1192 1668 1333 1754 synodo,
1352 1691 1438 1736 con-

382 1776 538 1848 currente
561 1769 667 1853 clero,
692 1770 872 1835 ordinatur.
915 1770 998 1836 Inde
1019 1771 1114 1838 laicis
1137 1791 1317 1857 eorumque
1337 1773 1437 1838 bonis

385 1891 467 1936 onus
490 1871 658 1956 quoddam
684 1874 728 1938 ab
751 1873 895 1940 ecclesia
922 1895 989 1940 non
1010 1882 1124 1961 potest
1152 1877 1293 1960 imponi:
1323 1875 1438 1940 eccle-

382 1976 433 2038 sia
464 1976 550 2039 enim
586 1996 653 2040 non
682 1973 816 2042 videtur
848 1997 923 2042 esse
952 1980 1096 2043 societas
1126 1977 1344 2063 aequalis,
1372 1979 1437 2043 sod

379 2077 571 2164 respublica
582 2085 714 2162 sancta,
738 2082 964 2166 quaepietate
987 2087 1021 2146 et
1042 2080 1208 2158 libertate,
1228 2101 1337 2166 neque
1353 2102 1438 2146 one-

276 2177 280 2186 “
379 2181 518 2246 ribnset
541 2183 756 2248 servitutibus
778 2185 942 2269 impositis
966 2184 1140 2270 gubernat.

397 2285 550 2372 Denique
563 2285 827 2352 cathedraticum
839 2308 972 2374 qnoque
985 2287 1176 2373 appellatur
1189 2285 1436 2373 quadratiano,

383 2391 424 2450 dn
447 2391 557 2452 licens
579 2392 622 2454 cd.
644 2390 875 2482 llcnscbcllvol.
897 2389 938 2456 V.
960 2411 992 2476 p.
1015 2389 1088 2455 533.

295 2489 537 2556 Gaudntarlus
560 2527 601 2538 -
626 2490 862 2558 Cardinalium.
910 2497 1047 2576 Maroni,
1070 2515 1096 2559 s.
1118 2493 1149 2558 h.
1171 2515 1202 2556 v.
1236 2493 1348 2559 brevis
1381 2495 1439 2558 in-

380 2597 519 2660 structio
561 2594 776 2660 articulorum
815 2594 977 2662 undecim.
1035 2601 1149 2661 dunel.
1182 2597 1249 2682 jur.
1281 2597 1431 2684 pontific.

381 2697 552 2765 douaitme
574 2697 741 2762 livraison.

297 2799 417 2865 Causa
440 2799 610 2864 derivatur
643 2822 663 2863 a
683 2821 762 2865 casu
786 2822 813 2864 c.
836 2802 886 2868 1'0.
907 2802 954 2868 X.
979 2802 1020 2867 de
1043 2801 1083 2866 V.
1108 2799 1141 2868 S.
1164 2800 1221 2885 lib,
1244 2800 1286 2882 V,
1309 2805 1360 2867 tit.
1381 2805 1437 2868 40.

382 2923 480 2967 casus
503 2910 536 2968 et
559 2924 671 2987 causa,
694 2904 872 2968 vernacule
895 2904 1155 2972 einRechtsfall.
1181 2902 1336 2970 Secunda
1352 2925 1439 2990 pars

380 3006 520 3072 Decreti
543 3006 700 3070 dividitur
721 3009 754 3070 in
778 3027 905 3072 causas.
930 3029 956 3072 e.
981 3011 1030 3074 10.
1053 3011 1105 3072 cit.

296 3110 449 3192 Causae„
473 3107 632 3187 maiores
670 3116 747 3174 sunt
789 3131 910 3176 causae
945 3118 1139 3176 reservatae
1175 3111 1325 3196 pontifici
1359 3131 1440 3173 ma-

381 3217 483 3296 ximo,
507 3220 541 3278 ct
562 3215 595 3276 in
617 3213 692 3278 foro
714 3217 885 3279 interno
917 3217 1016 3279 etiam
1045 3216 1221 3300 episcopis.
1266 3211 1334 3278 Sed
1356 3221 1439 3278 sunt

382 3317 424 3380 de
446 3317 509 3380 hac
524 3337 561 3380 re
578 3320 678 3381 etiam
693 3317 779 3384 aliae
801 3321 962 3398 notiones,
986 3339 1081 3382 omne
1097 3318 1187 3404 quod
1200 3317 1337 3402 majoris
1359 3338 1440 3380 mo-

380 3422 483 3486 menti
512 3427 564 3486 cst
592 3421 627 3484 in
656 3421 847 3486 hierarchia
873 3421 1112 3506 jurisdictionis
1144 3427 1178 3484 et
1208 3420 1348 3503 ordinis,
1379 3429 1438 3484 est

341 3548 352 3570 ·
382 3544 483 3588 causo
513 3523 629 3608 major.
659 3527 833 3604 Rapprecht
860 3530 962 3588 notae
992 3522 1107 3588 histor.
1137 3530 1160 3586 t.
1183 3522 1225 3588 II.
1254 3545 1287 3608 p.
1311 3524 1360 3588 81.
1390 3523 1437 3588 de

351 3655 354 3664 ¹
380 3629 612 3713 episcoporum
634 3626 863 3692 translatione.

295 3730 433 3794 Causae
454 3729 657 3811 synodales.
701 3732 818 3808 Rapina
849 3729 1023 3794 decausis
1049 3727 1276 3813 synodalibus.
1320 3733 1434 3792 Bened.

378 3832 476 3899 XIV.
500 3833 542 3898 de
564 3831 694 3916 synodo
718 3832 925 3898 dioecesana.

295 3934 420 4000 Cautio
443 3943 476 3999 et
508 3938 686 4022 promissio
710 3939 868 4023 episcopi.
911 3935 1037 4002 Videas
1067 3936 1253 4002 Indiculum
1282 3939 1436 4024 episcopi

379 4037 545 4101 Bonifacii
567 4037 842 4123 Moguntiuensis.
886 4039 1071 4104 Indiculum
1101 4042 1251 4126 episcopi
1273 4039 1315 4104 de
1337 4038 1435 4104 Lon-

379 4141 551 4226 gobardia.
581 4139 762 4226 synodale,
785 4142 876 4229 quod
899 4145 1021 4230 accipit
1044 4145 1231 4229 episcopus.
1261 4143 1434 4208 Formata.

381 4241 562 4328 Synodale,
584 4251 622 4308 ut
636 4248 812 4332 episcopus
835 4245 971 4314 alterius
995 4247 1139 4310 civitatis
1161 4247 1196 4308 in
1211 4244 1434 4314 aliaeaclesia

379 4349 718 4440 possitincardinari.
742 4348 830 4416 Lib.
852 4349 985 4418 diurn.
1008 4372 1040 4439 p.
1064 4349 1202 4420 58-76.
