3080 5150
570 386 619 431 .-.
657 351 705 443 93Ι
742 387 785 404 ·-

98 579 101 586 .
179 520 214 592 n
240 545 270 590 1.
293 523 381 591 Inde
404 522 641 592 declarationis
663 526 808 594 formula
831 526 876 592 ad
893 527 1171 618 existimationem
1193 547 1249 594 re-

179 628 396 693 stituendam
419 635 471 694 est
494 628 695 715 deprecatio.
728 629 768 694 V.
791 635 864 698 text
866 651 905 695 us
930 651 1102 706 sacrarum
1124 629 1250 697 literar.

181 732 377 810 Freibnrycr
398 734 539 796 11111111.
561 733 624 798 sub
646 731 787 798 Abbitte
809 733 834 800 1
859 730 892 798 S
918 734 990 797 757.

92 831 161 896 11
151 854 189 898 m
213 837 420 920 compositis
433 837 630 922 saepissime
649 815 818 921 significat
839 839 1059 922 negationem.

94 932 291 1002 innodatio
296 934 427 1030 placiti
449 936 539 1002 aliud
550 937 726 1024 designare
740 945 930 1026 nonpotest
931 987 940 1024 ,
960 960 1060 1028 quam
1068 939 1251 1025 juramenti

180 1039 371 1104 vinculum.
415 1043 527 1102 Bcncd.
549 1038 639 1106 XIV
639 1085 647 1102 ·
669 1039 726 1132 lib.
747 1040 777 1107 5.
800 1039 837 1107 C.
858 1041 901 1132 II.
923 1063 972 1107 nr.
997 1043 1046 1110 10.

94 1139 222 1225 inopia
258 1140 437 1208 debitoris
473 1145 604 1208 inanem
651 1143 764 1209 reddit
787 1146 959 1210 actionem
990 1165 1017 1210 o
1049 1145 1098 1210 16.
1127 1143 1174 1211 Χ.
1205 1143 1248 1210 de

180 1247 299 1310 restit.
324 1245 456 1332 spoliat.
479 1245 521 1310 Π.
546 1245 597 1310 13.

228 1347 413 1419 Laicus.
422 1348 552 1444 debitor
581 1347 714 1442 quidem
742 1349 1001 1440 incarcerandus
1025 1356 1088 1436 est,
1109 1353 1174 1419 etsi
1191 1352 1248 1437 jus

181 1453 387 1517 canonicum
395 1452 545 1540 praefert
554 1453 784 1518 executronem
792 1451 931 1518 realem
943 1452 1249 1534 111111111111111

184 1545 328 1618 debitor
356 1553 447 1619 nuilo
477 1553 577 1619 modo
607 1555 711 1619 ruit
702 1576 736 1620 m
770 1575 957 1640 carcerem,
993 1555 1054 1622 sed
1083 1555 1248 1647 praestito

180 1655 383 1740 juramento
347 1651 464 1724 tde
485 1655 717 1724 solvendo—
674 1659 769 1723 —si
799 1655 933 1768 quando
962 1655 1172 1746 potuerit—
1130 1658 1248 1724 -di-

133 1837 136 1844 ἢ
184 1761 346 1825 mittitur.

262 1861 809 1930 1.3.Χ.11111111111.11113.

202 1983 206 1990 ·
232 1964 314 2032 Η11
340 1965 397 2052 jus
436 1965 627 2054 appellatur
659 1969 854 2054 saepissime
881 1967 1078 2034 beneficium
1110 1987 1248 2055 compe-

187 2072 341 2153 tentiae,
371 2071 432 2136 sed
460 2092 527 2136 non
555 2071 759 2136 miscendum
787 2077 840 2137 est
876 2089 951 2136 cum
986 2069 1043 2136 illo
1072 2071 1246 2156 beneficio,

189 2172 287 2257 quod
320 2172 464 2238 Romani
477 2171 674 2242 *concedunt
697 2195 737 2240 eo
759 2173 876 2256 modo,
897 2179 936 2238 ut
968 2173 1099 2240 debitor
1121 2175 1247 2240 solnm-

190 2274 295 2340 modo
318 2275 555 2342 condemnetur
576 2279 610 2340 in
632 2283 771 2361 tantum,
791 2283 966 2362 quantum
987 2275 1099 2342 iacere
1121 2284 1245 2364 potest.
1349 2355 1351 2360 Ι

109 2375 295 2460 inquirere
317 2386 396 2444 tunc
418 2379 556 2464 scilicet,
579 2401 652 2446 cum
667 2379 830 2466 ¹frequens
853 2386 887 2446 11
903 2378 1049 2444 clamosa
1071 2380 1162 2444 fama
1184 2381 1246 2448 esti

190 2481 599 2568 mmcLXLQ

106 2580 289 2668 inquisitio
301 2593 372 2651 tum
384 2586 535 2670 obtinuit,
549 2607 623 2650 curn
636 2585 677 2654 de
689 2581 780 2651 fama
792 2589 1118 2678 constarete-itoque
1131 2588 1245 2674 prius-

189 2710 293 2778 quam
315 2688 357 2754 de
378 2689 470 2754 fama
492 2692 662 2774 cognitum
684 2697 767 2775 erat,
789 2693 823 2755 in
846 2711 949 2759 causa
970 2693 1046 2778 ipsa
1073 2692 1245 2777 inquiren-

138 2789 357 2858 dumnoc
379 2799 512 2858 erato.
537 2794 587 2859 19.
610 2794 661 2858 91.
683 2793 730 2860 Χ.
750 2739 793 2859 dc
815 2801 964 2860 accusat.
984 2793 1026 2860 V.
1050 2795 1078 2859 1.

168 2883 409 2994 Inquisitio
440 2894 685 2964 baereticorum
714 2903 788 2963 erat
816 2901 946 2984 species
975 2899 1245 2985 processusiu-

189 3001 391 3086 quisitionis.
736 3025 738 3032 ¹
1052 3028 1055 3038 ·
1109 3029 1113 3039 ·

232 3103 301 3168 Hic
329 3115 511 3189 processus
544 3105 767 3191 inquisitionis
805 3104 848 3168 ab
878 3107 1068 3168 Innocentio
1089 3101 1157 3170 IIi
1177 3126 1244 3172 non

193 3207 329 3292 quidem
357 3209 540 3286 institutus,
569 3207 632 3274 sed
662 3207 706 3272 ad
729 3207 970 3293 perfectionem
995 3205 1169 3273 redactura
1183 3215 1244 3272 est.

185 3329 218 3374 c.
244 3311 293 3374 14.
314 3329 423 3396 usque
444 3311 488 3374 ad
511 3311 620 3392 finem,
650 3307 707 3376 lib.
731 3309 760 3374 5.
782 3311 832 3374 tit
863 3309 891 3375 1.
909 3308 1158 3396 respiciendum
1181 3317 1243 3376 est.

110 3405 259 3493 insignia
277 3413 461 3480 concedere
474 3415 639 3481 canonicis
655 3411 710 3480 vei
725 3431 886 3478 concessa
899 3420 1029 3488 mutare
1048 3433 1116 3478 non
1129 3419 1244 3499 potest

190 3518 369 3602 episcopus
391 3517 594 3595 inconsulta
601 3515 688 3584 Sede
710 3515 918 3603 Apostolica.

114 3612 259 3700 insignis
280 3626 490 3705 potestesse
513 3620 655 3686 11111111
677 3619 858 3703 collegiata
878 3617 938 3684 vei
955 3617 1037 3685 dc
1022 3637 1099 3702 pure
1121 3617 1177 3684 rel
1200 3639 1244 3684 ex

189 3723 375 3808 privilegio.

113 3816 451 3899 innotescentia-
460 3788 707 3911 inobedientia,
729 3775 889 3916 quamvis
909 3826 1091 3912 praecipue
1111 3822 1243 3903 dicatam

191 3931 699 4013 rationeexcommunicationis,
722 3936 877 3997 attamen
886 3931 1040 4004 convenit
1026 3927 1242 4005 tetiamaliis

191 4034 349 4098 censuris.
393 4035 516 4099 Ferrar.

114 4123 308 4216 insitiiaiit),
331 4135 387 4202 vel

113 4221 278 4303 institutio
300 4238 379 4304 vide
399 4241 588 4333 provisio.
581 4219 634 4305 Gi.
657 4239 751 4306 ado
766 4240 803 4310 1.
825 4237 873 4304 X.
895 4237 920 4306 1.
941 4238 992 4310 21

113 4328 384 4444 instrumentum
412 4343 548 4418 estrei
567 4349 628 4414 1111
614 4320 796 4432 1111111111
823 4341 878 4414 vel
905 4327 1157 4438 exemplum-
1180 4359 1243 4406 au-
