3108 5138
819 359 862 414 tv

269 514 350 600 lent,
373 537 447 582 cum
465 535 561 581 nemo
583 534 730 601 unquam
753 512 797 578 ad
819 511 887 578 tale
903 533 986 600 opus
999 514 1192 598 accesserit,
1216 511 1413 600 qualenunc

270 640 505 724 proponimus,
529 637 764 722 omnibusque,
789 636 846 721 qui
867 642 989 720 postea
1009 637 1044 699 in
1066 634 1118 700 his
1144 632 1265 700 studiis
1293 656 1413 700 succe-

273 757 364 841 dent',
390 757 666 824 commendamus.

359 879 413 944 Ac
436 877 523 944 duae
544 879 705 965 imprimis
726 875 907 942 obstabant
930 875 1157 959 difficultates,
1181 874 1297 956 altera,
1321 874 1413 962 quod

273 1000 379 1065 verba
402 999 534 1065 demum
546 998 755 1086 exquirenda
777 1004 883 1082 erant,
907 1019 994 1084 quae
1015 1018 1081 1062 non
1097 996 1141 1061 ad
1164 996 1334 1082 classicoa,
1357 999 1413 1083 qui

274 1119 438 1204 dicuntur,
462 1123 643 1206 scriptores
666 1117 889 1206 pertinebant,
913 1139 999 1204 quae
1021 1138 1129 1204 neque
1153 1139 1197 1184 ex
1215 1118 1292 1203 jure
1315 1117 1412 1202 civili,

273 1261 382 1327 neque
409 1261 453 1306 ex
472 1241 548 1326 jure
572 1241 776 1324 germanico,
789 1238 900 1307 sumta
919 1236 1033 1323 era'nt5
1056 1238 1138 1303 talia
1163 1241 1249 1305 enim
1273 1239 1412 1304 aliorum

274 1360 432 1448 operibus
447 1359 666 1447 relinquenda
682 1360 851 1425 duximus:
874 1360 1131 1456 proficiscuntur
1149 1366 1261 1424 autem
1275 1366 1412 1425 nostrae

274 1504 373 1549 voces
397 1489 467 1546 tam
490 1501 532 1548 ex
555 1481 670 1568 lingua
693 1451 827 1568 graeca,
850 1501 950 1566 quam
973 1502 1018 1546 ex
1039 1480 1154 1567 lingua
1175 1479 1281 1546 latina
1304 1479 1413 1547 eccle-

268 1577 634 1692 'siastica‘mediiiaaii
653 1606 793 1689 recepta
822 1599 897 1686 (est
914 1601 1005 1684 'enim
1026 1597 1244 1668 ecclesiatici
1266 1603 1413 1672 orienta-

274 1723 323 1816 lisn
337 1721 644 1808 vel'occidentalis)
658 1725 905 1810 propriamque
923 1726 990 1788 non
1011 1743 1088 1788 raro
1104 1723 1234 1790 habent·
1250 1719 1329 1790 ill‘ae'
1350 1743 1414 1789 vo-

276 1843 602 1930 cesetyniologiam,
632 1843 693 1910 sed
715 1845 966 1929 grammaticam
974 1842 1009 1928 ⁸⁵)
1039 1852 1078 1910 et·
1101 1841 1262 1929 syuttx'in
1294 1841 1415 1910 classi-

277 1966 613 2051 corum-scriptorum
634 1970 835 2050 sequuntur:
858 1971 962 2050 atque
982 1963 1143 2030 biclabo'r
1155 1962 1236 2031 sane
1249 1961 1413 2031 maximus

276 2093 363 2154 erat:
386 2083 592 2156 &alterum
612 2083 695 2150 iliud
717 2091 801 2170 erat,
824 2083 916 2170 quod
936 2084 1171 2172 ho'ctempore
1187 2085 1254 2158 n'on
1275 2095 1313 2153 ut
1335 2086 1413 2153 olim

275 2210 311 2280 iu
332 2205 550 2278 societatibus
574 2206 748 2296 doctorum
769 2208 916 2272 virorum
938 2205 1020 2270 talia
1041 2209 1182 2272 mactari
1203 2207 1331 2292 solent,
1354 2203 1415 2273 sed

275 2331 349 2414 ipse
371 2327 464 2396 solus
483 2349 617 2398 omnem
634 2329 752 2415 operis
774 2327 925 2392 laborem
947 2327 1118 2414 suscipere
1152 2334 1289 2394 coactus
1312 2347 1415 2412 eram,

278 2456 311 2523 ei
341 2463 415 2520 eum
435 2449 478 2518 'in
507 2448 646 2534 singulis
679 2455 809 2516 ta'ntum
837 2449 939 2514 rebus
968 2447 1173 2536 vocibusque
1202 2449 1247 2515 ad
1276 2447 1417 2516 alioruin

276 2574 423 2644 ,virorum
452 2570 626 2639 doctorum
654 2569 759 2636 libros
797 2569 953 2656 delegare
981 2571 1133 2656 possem,
1156 2569 1285 2657 reliqua
1306 2568 1417 2636 omnia

276 2692 317 2761 iis
335 2691 532 2776 ¹permittere
554 2690 736 2776 debebant,
760 2693 818 2778 qui
843 2711 953 2757 meum
975 2691 1146 2757 consilium
1169 2697 1203 2756 at
1217 2691 1418 2778 ‘probarunt

278 2818 314 2886 et
335 2809 476 2898 amplius
489 2875 491 2880 ,
498 2789 657 2898 persequi
678 2809 802 2878 uolent.
981 2817 985 2824 '
1033 2821 1035 2826 “
1189 2817 1190 2820 ’

277 2985 281 2990 =
361 2948 548 3030 Auctorem
568 2941 809 3036 operis'multa'
823 2949 869 3014 ad
884 2951 976 3018 ,hanc
994 2935 1269 3038 rem'spectantia
1289 2931 1417 3040 scripta

280 3070 476 3166 perlegisse,
498 3072 660 3136 neminem
671 3071 791 3156 fugere
802 3073 937 3157 poterit,
961 3069 1168 3158 eundemque
1190 3073 1289 3137 etiam
1298 3071 1415 3138 melius

279 3191 423 3275 forsitan
456 3191 665 3284 quamalios
685 3192 771 3278 juris
803 3189 963 3277 Canonici
993 3193 1177 3280 scriptores
1203 3172 1356 3281 potuisse
1383 3193 1417 3256 in

277 3289 499 3398 concordiam
522 3297 688 3400 redigere
699 3293 757 3400 jus
770 3295 965 3392 ,Romanum
983 3321 1029 3380 et
1054 3315 1120 3401 jus·
1138 3313 1342 3397 Canonicum
1349 3312 1417 3400 iffi),

279 3437 482 3530 praesertim
505 3440 579 3501 cuni
613 3435 736 3537 abhuc·
752 3434 976 3528 pleriquaad
999 3427 1418 3532 germanibam'hist'oriam

279 3552 321 3619 'et'
338 3557 465 3642 scripta
480 3555 688 3623 hierarchica
699 3563 860 3650 tanquam
881 3556 992 3624 fontes
1016 3551 1235 3651 subsidiarios
1250 3559 1419 3646 respicere

281 3741 488 3760 hu——fl--n-
559 3739 561 3743 ’

350 3866 382 3936 ²¹³)
409 3871 489 3932 Quod
513 3875 629 3938 quisque
645 3837 804 3940 'intelligere
821 3877 927 3940 potest,
951 3876 976 3926 si
1000 3869 1080 3927 modo
1098 3877 1212 3942 respicit
1232 3872 1268 3927 ad
1284 3873 1418 3928 vocabula

283 3960 456 4025 praeposita:
491 3955 562 4013 Ab.
585 3955 656 4014 Ad.
676 3957 738 4016 ln.
756 3959 791 4012 V.
809 3964 934 4012 nostrum
956 3961 1072 4013 lexicon.
1111 3962 1191 4014 Alias
1208 3963 1419 4030 praepositiones

281 4044 391 4112 linguae
409 4045 626 4098 latinasminoris
639 4050 767 4098 momenti
782 4049 845 4099 sunt
862 4048 918 4100 De:
935 4048 991 4102 Ex:
1008 4047 1097 4101 Prae:
1115 4049 1182 4102 Per:
1199 4049 1255 4102 Pro
1273 4053 1419 4116 eteneque

283 4131 316 4182 de
332 4135 366 4184 iis
384 4134 412 4182 in
429 4133 481 4185 hoc
498 4133 589 4184 libello
608 4149 695 4186 sermo
714 4138 781 4188 erat

281 4245 286 4252 ,
350 4214 368 4249 e

370 4214 403 4284 *J
421 4219 618 4287 Pascipoverus
629 4226 733 4288 primus
752 4226 819 4290 erat,
831 4226 878 4288 qui
890 4223 1061 4276 concordiam
1069 4227 1212 4292 utriusque
1222 4225 1291 4291 juris
1302 4225 1419 4290 scripsit

282 4301 379 4445 ἱππί
398 4305 431 4356 de
448 4305 531 4357 cia'ria
548 4305 721 4375 Archigymn.
739 4309 807 4364 Bon·
826 4325 853 4378 p.
874 4311 931 4364 166.
948 4311 1084 4364 Merkel
1100 4313 1128 4364 in
1146 4309 1267 4379 flavigny
1284 4311 1347 4364 hiet.
1362 4309 1417 4375 jnr·

311 4427 317 4442 .
336 4393 391 4446 vol.
408 4409 472 4460 pag.
489 4394 551 4446 422.
