3088 5140
744 309 981 376 -1ae-

291 486 453 554 lectiones
475 485 633 570 antiquae
656 499 790 570 quoqne
803 481 1057 568 ignorabantur,
1079 491 1117 553 ut
1139 501 1184 551 ex
1205 480 1426 554 budicolibro-

293 610 376 672 rum,
400 607 499 676 quem
519 586 607 654 idem
630 584 739 654 codor
760 586 903 672 profem,
926 588 1008 654 saus
1031 593 1182 674 apparet.
1225 587 1360 656 Primus
1380 587 1427 654 la·

293 694 383 778 gista
406 699 479 756 erat
500 690 661 754 Dominus
683 687 877 756 Matthaeus
899 691 1150 775 protonotarius
1171 687 1427 774 Arragonensis.

379 795 562 862 Doctrinae
592 812 713 880 opera,
741 791 861 877 quibus
893 790 982 858 illius
1011 794 1172 879 temporis
1202 791 1429 860 Jurecorsulti

293 898 483 979 utebantur,
505 899 538 958 in
561 893 677 960 eodem
700 893 824 978 codice,
848 897 904 980 qui
925 893 1042 962 horum
1072 914 1209 981 operum
1237 903 1428 963 aestuatum

295 1003 442 1070 eontinet
462 997 615 1082 indicem,
639 995 838 1064 exhibentur
860 995 915 1064 vel
936 999 1064 1084 scripta
1085 997 1127 1065 de
1148 995 1286 1066 decreto
1309 1005 1346 1064 st
1373 996 1429 1062 de-

295 1103 486 1186 cretalibus,
510 1103 637 1188 scripta
657 1099 851 1184 innocentii,
873 1098 1076 1184 Hostiensie,
1098 1099 1265 1184 Andreae,
1286 1100 1430 1166 Manda-

295 1209 376 1294 goti,
398 1201 645 1284 Archidiaooni,
668 1210 702 1270 et
718 1205 793 1290 ipsa
804 1202 944 1270 fontium
959 1224 1063 1290 opera
1084 1203 1140 1269 vel
1154 1223 1258 1290 opera
1281 1203 1431 1268 adusum

295 1310 479 1397 practicum
500 1307 711 1394 pertinentia,
732 1313 771 1372 ut
793 1327 878 1392 opus
900 1306 1064 1390 Durandi‚
1086 1305 1277 1388 Rolandini,
1300 1326 1344 1374 ex
1357 1309 1431 1392 qui-

295 1413 357 1478 bus
387 1410 537 1476 omnibus
568 1411 725 1495 cognosci
755 1416 891 1495 potest,
921 1411 977 1495 jus
1009 1413 1203 1477 canonicum
1232 1430 1297 1478 sua
1325 1431 1431 1494 eaque

295 1517 432 1602 propria
453 1512 611 1581 habuisse
633 1511 739 1580 verba
761 1518 795 1578 at
824 1512 1006 1578 vocabula:
1036 1513 1179 1598 denique
1207 1515 1432 1578 institutiones

292 1619 376 1705 juris
395 1616 547 1700 Romani,
570 1613 691 1682 Codex
707 1613 946 1699 Justtuuneus
970 1615 1032 1682 scd
1048 1616 1296 1682 Pandectarum
1308 1613 1432 1682 solum·
1487 1673 1492 1678 .

295 1719 395 1788 modo
418 1725 546 1804 partes,
568 1717 713 1804 denique
733 1717 948 1784 vocabulario
965 1719 1061 1804 justis.
1103 1718 1327 1804 Reperiuntnr
1347 1739 1433 1804 quo·

297 1843 363 1908 que
382 1823 417 1886 in
437 1822 489 1890 his
512 1819 597 1888 alius
619 1823 807 1906 argumenti
827 1819 913 1904 libri,
935 1827 973 1886 ut
993 1820 1129 1886 Boethii
1150 1820 1344 1897 consolatio,
1370 1819 1433 1888 Sa-

299 1943 404 1992 necae
425 1921 523 1988 ludus
546 1923 587 1990 de
609 1930 716 1990 morte
740 1921 884 2006 Claudii,
907 1921 1005 2009 plura
1028 1923 1070 1990 ad
1102 1921 1303 2009 theologiam
1331 1945 1435 2010 speo-

296 2031 404 2094 tantia
426 2025 602 2093 volumina.

275 2127 278 2135 “
381 2130 435 2196 Ita
458 2150 569 2196 omnes
591 2129 677 2212 libri,
700 2148 784 2216 quos
808 2129 1047 2198 Universitatie
1069 2130 1270 2198 bibliotheca
1285 2133 1436 2214 acquisi-

296 2238 362 2319 vit,
392 2238 426 2299 in
455 2234 542 2299 huno
573 2253 707 2320 quoque
728 2231 871 2300 indicem
893 2233 992 2299 relati
1013 2241 1100 2317 sunt,
1133 2237 1190 2320 qni
1214 2232 1352 2321 praebet
1383 2234 1437 2300 bi-

296 2338 538 2408 bliothecarum
560 2346 639 2405 tuno
661 2339 821 2424 temporis
843 2339 1096 2404 camoenarum
1117 2340 1269 2424 speciem

382 2441 536 2509 Praefuit
557 2440 780 2512 Universitati
801 2438 1120 2508 Vioeoancellarius:
1153 2441 1277 2506 Rector
1305 2459 1350 2506 ax
1377 2461 1437 2507 ar-

296 2547 385 2610 tistis
417 2543 603 2628 eligebatur
633 2552 668 2614 et
704 2543 887 2612 uocabatur
916 2541 1041 2613 Rector
1074 2545 1298 2610 universitatis
1325 2544 1438 2608 studii

298 2645 615 2729 Heidelbergeusis3
638 2649 774 2732 saepius
804 2645 1015 2734 appellantur
1039 2647 1197 2730 „Beatos
1220 2645 1378 2712 doctores
1404 2655 1439 2712 et

297 2751 450 2836 magistri
478 2747 716 2818 Universitatia
744 2746 1069 2835 Heidelbergensie“
1100 2749 1231 2816 Primus
1258 2746 1438 2835 professor

294 2853 383 2937 juris
406 2849 567 2918 Canonioi
588 2849 738 2921 ioannes
760 2850 850 2918 Voet
871 2853 952 2937 fuit,
975 2855 1097 2920 artium
1119 2871 1252 2940 quoque
1272 2852 1441 2936 magister

299 2962 335 3030 et
362 2955 498 3020 Rectus.
548 2953 662 3038 Prags
699 2953 754 3022 hio
781 2964 931 3024 venerat.
981 2955 1198 3040 Legistarum
1229 2953 1317 3022 nuilla
1341 2957 1441 3020 ratio

298 3056 547 3142 Heidelbergae
568 3055 683 3124 habita
706 3065 768 3140 est,
790 3061 824 3122 in
846 3061 981 3126 statutis
1004 3065 1114 3127 autem
1127 3063 1258 3126 cautam
1279 3063 1362 3138 erat,
1389 3067 1442 3140 ut,

299 3179 371 3227 cum
392 3158 515 3243 legista
536 3161 571 3226 iu
592 3157 755 3226 facultate
778 3159 919 3244 deesset,
941 3163 975 3226 in
1005 3161 1213 3227 examinibus
1242 3165 1275 3226 et
1294 3179 1441 3244 promo·

298 3261 443 3328 tionibus
474 3262 591 3330 doctor
628 3263 684 3330 vel
720 3264 910 3328 licentiatus
943 3265 1031 3348 juris
1064 3263 1168 3330 civilis
1199 3270 1443 3346 arcesseretur,

300 3365 406 3431 donec
427 3365 573 3432 facultas
594 3367 649 3432 vel
670 3366 734 3431 heo
755 3369 884 3432 ratione
905 3367 1004 3453 plena
1028 3374 1118 3434 esset
1139 3367 1239 3434 facta.

387 3466 567 3537 Scholaree
585 3473 619 3536 iu
641 3470 750 3540 bursis
773 3470 988 3554 habitabant,
1012 3471 1054 3538 de
1076 3491 1217 3556 quarunt
1245 3470 1443 3534 visitatione

299 3575 498 3658 praesertim
519 3593 578 3658 per
592 3573 692 3644 horas
706 3582 885 3644 nocturnas
907 3573 1003 3660 pluro
1023 3575 1059 3638 in
1081 3572 1204 3640 Codice
1224 3573 1443 3642 inveniuntur

300 3681 438 3759 statuta,
462 3679 540 3760 quia
561 3675 736 3745 bursarum
755 3680 940 3764 praepositi
962 3677 1067 3748 muta
1090 3676 1203 3744 celare
1222 3675 1388 3743 solebant.

385 3777 453 3844 Per
475 3785 581 3844 totum
603 3779 676 3848 fere
705 3780 847 3846 medium
877 3798 995 3846 aevum
1028 3800 1120 3858 more
1151 3782 1287 3865 antiquo
1317 3778 1444 3846 literae

299 3880 540 3946 tractabantur.
577 3879 639 3946 Jus
664 3879 867 3947 Canonicum
890 3883 1062 3949 colebatur
1085 3891 1243 3968 tanquam
1265 3884 1443 3966 antiquum

301 4003 408 4069 aeque
431 3991 532 4070 atque
554 4005 691 4050 novum:
715 4005 794 4050 mox
815 4005 895 4052 vero
919 3986 1100 4052 Decretum
1123 4006 1196 4050 oum
1217 3984 1381 4072 paulatim
1407 3990 1442 4052 in

301 4083 550 4154 desuetudinem
572 4089 723 4172 abiisset2
739 4089 795 4176 jue
819 4086 1043 4156 Decretalium
1056 4089 1196 4178 primum
1219 4089 1362 4156 obtinuit
1385 4089 1444 4156 lo-

301 4212 385 4274 cum,
408 4193 631 4278 conjungique
651 4187 724 4259 cum
748 4212 786 4256 eo
811 4201 931 4279 coepta
954 4201 1007 4260 est
1036 4191 1177 4258 historia
1207 4191 1443 4259 ecclesiastica

240 4373 241 4377 Ἴ
301 4296 465 4387 simulque
488 4299 587 4367 etam
607 4297 662 4384 jus
685 4295 890 4369 Canonicum
911 4299 947 4366 in
968 4297 1039 4364 dias
1061 4297 1222 4384 majoram
1249 4297 1316 4362 vim
1337 4311 1443 4365 acco-
