3080 5150
590 403 804 470 ..61-

160 575 201 663 4)
223 577 262 644 In
285 575 565 662 arohigymnasiis
590 575 761 642 colebatur
780 575 1044 662 jurisprudentia
1066 584 1135 642 tam
1157 578 1261 646 civilis

228 703 328 768 quam
358 683 527 744 canoniea.
578 679 751 744 Naturalis
781 679 970 766 theologia,
997 682 1262 767 jurisprudentia

227 783 387 848 naturalis
410 791 570 867 tauquam
593 791 683 848 artes
707 783 905 868 conjunctae
928 791 1026 848 erant
1049 805 1122 848 cum
1151 785 1262 870 philo-

227 887 356 974 sophia.
399 885 476 951 Non
497 888 603 950 minus
627 892 722 950 erant
745 893 835 951 artes
855 886 1026 972 theologia
1048 890 1194 974 positiva
1228 896 1262 954 et

227 991 338 1057 studia
354 1012 398 1055 ex
415 991 622 1075 experientia
643 989 765 1054 hausta
787 990 939 1075 physica,
963 989 1158 1076 chirurgica.

163 1111 202 1196 5)
227 1110 311 1177 Cum
333 1118 464 1195 tempus
478 1109 521 1172 ad
533 1109 802 1174 reformationem
817 1117 984 1196 vergeret,
997 1109 1062 1175 duo
1079 1118 1262 1196 systemata

228 1214 398 1280 doctrinae
411 1212 546 1276 exculta
560 1220 652 1276 sunt:
674 1220 860 1300 temporum
872 1235 1071 1300 progressus
1084 1214 1126 1278 ad
1140 1235 1263 1300 graeca

228 1325 263 1384 et
270 1317 465 1381 humaniora
477 1315 632 1396 ducebat,
648 1316 768 1404 quibus
776 1319 1100 1382 etiaminservierunt
1112 1317 1135 1383 J
1137 1321 1263 1383 esuita-

230 1417 645 1485 rumsoholae-—etliterae
658 1417 868 1506 theologicae
876 1441 895 1483 a
903 1427 1001 1506 parte
1014 1417 1263 1486 Catholicorum

226 1525 395 1610 principiis
426 1520 633 1586 scholasticis
666 1521 839 1587 Thomatis
873 1523 916 1587 ab
946 1523 1099 1609 Aquino,
1123 1531 1263 1609 aparte

226 1626 490 1690 Protestantium
516 1645 560 1687 ex
596 1627 735 1690 scientia
772 1625 926 1690 rationali
964 1628 1065 1690 unitis
1102 1626 1263 1692 historiae

231 1735 266 1792 et
288 1729 370 1792 artis
394 1729 530 1791 criticae
555 1726 683 1792 studiis.

119 1848 322 1916 anselmus
346 1845 484 1925 dicitur,
506 1849 585 1932 quia
608 1851 823 1914 communiter
846 1869 891 1913 ex
919 1849 1031 1914 verbis
1054 1847 1263 1914 Psalmorum

213 1952 419 2036 componitur
443 1956 477 2013 et
499 1949 672 2014 ordinatur
694 1952 738 2015 ad
758 1951 892 2016 morbos
923 1951 1099 2017 sanandos.
1143 1949 1181 2018 Si
1204 1973 1264 2018 en·

214 2055 338 2120 salmus
366 2060 418 2118 est
446 2054 744 2138 invocativus,
768 2053 895 2118 scilicet
924 2063 1040 2140 petens
1071 2054 1213 2120 salutem
1242 2075 1263 2118 a

214 2157 306 2240 Deo,
337 2157 434 2242 quasi
463 2154 618 2220 credatur
647 2155 840 2222 infallibiter
870 2157 1028 2240 effectus,
1057 2155 1168 2222 licitus
1200 2163 1262 2240 est,

210 2280 308 2325 secus
341 2260 370 2323 si
393 2260 437 2322 sit
460 2261 798 2338 constitutivus‚
829 2259 955 2324 scilicet
984 2263 1013 2324 si
1035 2263 1065 2324 ei
1098 2259 1263 2324 tribuatur

212 2367 319 2428 virtus
340 2362 535 2428 inlellibilis.
558 2363 683 2441 Ligario
704 2361 804 2427 theol.
828 2361 942 2428 moral.
966 2363 1021 2427 lib.
1044 2363 1073 2429 3.
1093 2385 1142 2426 nr.
1164 2365 1215 2427 21.

120 2469 280 2536 Entheca
303 2502 344 2512 -
366 2465 505 2530 Intheca
527 2501 568 2511 -
592 2486 716 2552 graeca
738 2467 937 2550 significatio
954 2457 1264 2548 iveriae-recou-

213 2571 368 2636 ditorium
388 2605 430 2616 -
453 2571 634 2662 repositam
656 2571 705 2635 rei
727 2569 882 2654 copiosae
902 2569 1122 2634 substantiam
1144 2567 1264 2656 appel-

210 2675 327 2739 lamus
350 2677 391 2735 da
412 2676 532 2738 Factae.

123 2797 360 2878 Enthymema
381 2797 401 2857 i.
415 2815 442 2859 e.
455 2801 683 2858 commentum.
695 2796 817 2856 Forata
827 2796 861 2860 in
874 2802 971 2860 tract
982 2816 1070 2882 pars.
1085 2797 1124 2876 4.‚
1146 2793 1264 2860 videa-

213 2907 269 2964 tur
292 2902 393 2980 Koa,
416 2919 442 2963 s.
465 2919 495 2961 v.
519 2899 756 2964 comminiscor.

122 3003 260 3086 Epaule
282 3037 324 3050 -
348 2999 484 3086 espaule
513 3021 545 3064 v.
574 3003 616 3062 du
637 3002 748 3065 Fraus
770 3023 796 3066 s.
818 3023 850 3066 v.
880 3001 1029 3088 capsula,
1053 2999 1193 3088 eepubla
1224 3035 1262 3046 -

215 3105 325 3192 spella
347 3139 388 3149 —
410 3101 572 3168 tributum
595 3124 657 3189 pro
675 3104 753 3188 jure
774 3104 927 3169 venandi.

123 3224 294 3312 Epieheja
317 3231 368 3290 est
389 3225 534 3309 benigna
555 3223 667 3308 legum
684 3226 917 3310 interpretatio
929 3223 1110 3290 secuudum
1122 3243 1264 3310 aequum
1308 3252 1322 3262 -

215 3337 248 3397 et
269 3330 403 3394 bonum.
447 3331 589 3392 Ferraria
610 3348 637 3392 s.
658 3349 690 3393 v.
718 3327 776 3396 lex
807 3335 868 3394 art.
891 3328 920 3396 5.
951 3349 1001 3394 nr.
1022 3329 1074 3394 41.
1103 3334 1181 3394 tom.
1202 3325 1263 3394 III.

211 3454 289 3520 pag.
312 3433 385 3498 286.

127 3549 288 3639 EpikeJ'a.
311 3556 424 3616 Bcaed.
435 3551 532 3620 XIV.
556 3553 586 3619 d.
599 3575 625 3620 e.
638 3553 669 3619 d.
690 3549 856 3620 lib.XIII.
881 3550 958 3619 cV.
980 3551 1036 3616 lib.
1051 3551 1111 3618 IIL
1133 3571 1159 3616 o.
1172 3549 1263 3618 VHI.

211 3654 393 3742 (ἐπιείκεια)
419 3659 581 3744 aequitas.

123 3760 308 3846 Epileptici
329 3797 371 3808 -
392 3760 604 3846 irregulares.

124 3861 324 3950 Epiphania
345 3866 479 3930 Domini
501 3897 543 3910 —
565 3865 690 3930 festum
710 3885 892 3950 magorum.

122 3967 376 4054 Episcopatus,
416 3969 488 4054 ejus
526 3971 621 4054 origo
663 3968 754 4056 apud
788 3972 965 4048 Dbtltnpcr,
1003 3965 1264 4053 Christenthum‚

213 4073 338 4137 Kirche
360 4075 395 4136 in
417 4071 491 4137 Zeit
514 4072 573 4136 der
597 4071 848 4158 Grundlegung.

172 4191 208 4278 a)
231 4195 381 4280 episcopi
403 4201 533 4280 septem
555 4190 649 4278 (sex)
672 4193 893 4259 suburbicarii
915 4229 956 4240 -
987 4190 1185 4259 Cardinales
1207 4212 1265 4256 ro-

229 4317 348 4362 manae
371 4296 542 4379 ecclesiae,

167 4397 208 4485 b)
232 4401 381 4487 episcopi
403 4399 588 4469 cardinales
611 4399 653 4468 R.
674 4397 725 4486 a,
748 4401 805 4486 qui
827 4399 969 4487 obligati
988 4405 1099 4484 erant,
1131 4398 1265 4482 episco-
