3080 5150
769 336 984 404 ..50-

395 505 530 594 publici
568 509 718 574 oratione
750 509 924 594 speciatim
953 543 994 556 --
1025 507 1218 576 doctrinalis
1252 510 1287 573 in
1316 530 1438 596 genere.

397 613 576 692 Freibarper
597 613 737 676 Leainon.
758 611 778 675 l.
795 609 885 676 VIII.
908 611 982 678 365.

310 710 470 794 Elinguis
492 749 533 761 —
556 714 658 779 habet
680 713 826 800 linguam
846 713 909 780 sed
938 735 1001 780 usu
1024 715 1095 798 ejus
1119 720 1228 780 caret:
1259 714 1438 800 elinguatus

396 819 515 882 amisit.
537 821 701 881 Nolleaiar.
724 817 854 882 biennio
877 823 950 882 esto
964 817 1103 903 elinguis
1127 820 1161 882 in
1181 818 1327 904 capitulo
1352 826 1385 884 et
1404 819 1438 882 de

397 941 436 985 eo
459 926 621 986 taceatur.
645 941 671 983 c.
685 921 714 984 2.
735 920 783 986 Χ.
807 920 850 985 (16
871 920 1015 1006 regular.
1039 923 1223 982 aerummis
1253 925 1333 982 vtae
1356 942 1437 1000 reyn-

396 1026 469 1084 laric
491 1024 708 1086 conditionibus
730 1024 769 1084 ab
793 1025 907 1086 Ordine
935 1026 1086 1087 Benedici.
1120 1027 1286 1100 capitulari
1312 1026 1439 1086 Lamba-

396 1131 483 1187 ceaci.
509 1130 641 1188 Viennae
663 1129 748 1190 1860.
793 1124 981 1192 Cardinalis
1005 1125 1123 1192 eccles.
1145 1126 1318 1192 Romanae
1339 1129 1437 1212 primo

396 1231 439 1292 sit
462 1227 611 1312 elinguia.

311 1329 500 1416 Emphasis
517 1340 578 1415 est,
602 1333 630 1396 si
641 1333 673 1394 in
690 1331 802 1396 verbis
814 1334 902 1397 inest
912 1335 1014 1400 tacita
1026 1333 1191 1420 quaedam
1213 1335 1264 1397 vis
1287 1340 1321 1397 et
1342 1333 1439 1418 signi-

395 1434 516 1498 ficatio.
540 1455 567 1498 c.
590 1435 619 1499 7.
641 1435 670 1498 8.
691 1433 738 1498 Χ.
761 1435 791 1498 (1.
815 1433 855 1498 V.
879 1431 912 1500 S.
935 1433 976 1500 V.
999 1435 1050 1501 40.

309 1535 485 1602 Enoaenia
508 1535 673 1601 dedicatio
697 1535 859 1602 eeclesiae
882 1545 916 1602 et
939 1541 1167 1604 anniversaria
1189 1539 1438 1604 consecrationis

396 1639 565 1721 eeclesiae,
588 1637 705 1724 synod.
728 1637 884 1704 Antioch.
907 1643 984 1705 anni
995 1643 1069 1707 341.
1115 1645 1229 1722 Hefele,
1253 1642 1330 1705 hist.
1355 1658 1436 1704 conc.

395 1741 420 1806 Ι.
442 1764 475 1828 p.
496 1743 570 1806 483.

312 1843 548 1926 Energurneni
575 1880 617 1890 —
650 1847 707 1930 qui
745 1852 911 1911 contemta
940 1846 1101 1932 religione
1131 1846 1296 1912 catholici
1326 1865 1438 1932 operas

396 1947 578 2013 diabolicas
600 1951 771 2012 imitantur
793 1985 834 1995 -
858 1957 935 2014 sunt
949 1949 1163 2035 irregulares,
1185 1950 1337 2014 dicuntur
1350 1948 1439 2012 luna-

395 2055 452 2117 tici
475 2059 508 2118 et
521 2051 650 2116 obsessi
672 2073 692 2114 a
721 2051 950 2136 daemonibus,
974 2056 1014 2114 du
1027 2055 1146 2118 Fresae.
1167 2055 1308 2115 Ferrarii
1330 2051 1438 2136 (antiq.

399 2153 487 2239 coll.)
512 2154 735 2218 aloanniae.
759 2155 821 2219 sub
844 2175 928 2220 voce
942 2153 1205 2240 ,energumeni“,
1230 2154 1332 2240 glad
1355 2155 1435 2219 cll.

396 2257 471 2322 dist.
495 2257 545 2324 23.
569 2258 709 2338 aazia,
733 2277 825 2341 ergo,
849 2257 940 2343 quod
963 2267 1014 2323 est
1043 2258 1139 2322 labor
1162 2264 1194 2321 ct
1215 2278 1327 2338 mene,
1356 2252 1438 2342 quod

395 2369 446 2428 est
469 2359 620 2424 deiectus
643 2393 685 2406 —-
708 2363 765 2444 qui
788 2367 840 2425 est
862 2363 958 2445 quasi
979 2364 1013 2424 in
1036 2381 1137 2448 opere
1154 2359 1322 2424 deficiens.
1344 2361 1437 2422 missa

396 2464 706 2530 catechumenorum
738 2463 944 2528 consistebat
974 2466 1165 2529 convocatis
1191 2463 1436 2540 catechumenis,

395 2569 712 2652 energumenis,
729 2567 992 2652 competentibus
1009 2573 1042 2632 et
1057 2565 1314 2653 poenitentibus.
1350 2568 1436 2642 Drap,

396 2678 504 2755 apost.
536 2667 713 2733 Constitui.
745 2689 823 2754 pag.
848 2669 918 2734 137.

310 2769 568 2856 Ecyclopaedia
604 2771 777 2836 latinitatis
812 2773 1049 2855 graecissantis
1074 2779 1136 2855 est,
1162 2770 1366 2850 Quintiliano
1387 2769 1436 2834 lib.

397 2879 425 2940 1.
449 2897 475 2939 6.
496 2875 756 2960 X.'interprete
787 2875 877 2939 orbis
912 2874 1100 2957 doctrinae,
1136 2874 1383 2960 disciplinarum
1401 2908 1436 2918 -

400 2978 455 3042 vel
478 2997 518 3042 ea
541 2977 788 3063 disciplinarum
811 2979 925 3054 series,
948 2997 1035 3063 quae
1057 2977 1214 3062 ostendit,
1236 2981 1436 3042 interamnis

396 3091 485 3146 artes
509 3101 584 3145 esse
607 3082 869 3166 conjunctionem
892 3077 1059 3165 quandam
1083 3087 1117 3144 et
1132 3084 1436 3146 communionem—

395 3185 448 3251 vel
471 3186 615 3249 omnium
636 3183 797 3247 bonarum
820 3186 939 3247 artium
959 3186 1100 3248 societas
1125 3190 1157 3247 et
1171 3187 1326 3270 cognatio
1341 3185 1436 3248 omnis

397 3289 583 3364 doctrinae:
615 3289 757 3350 omnium
779 3287 942 3350 bonarum
965 3290 1085 3350 artium
1114 3289 1264 3354 varietas
1294 3292 1436 3373 cognata.

396 3396 561 3455 Nolimiue.

309 3492 591 3579 Encyclopaeelia
612 3493 784 3558 literarum
802 3494 888 3579 juris
912 3495 1077 3558 canonici:

356 3597 390 3683 1)
412 3602 527 3685 primis
552 3597 758 3683 temporibus
782 3617 877 3661 omne
900 3597 1045 3661 studium
1070 3597 1311 3683 perficiebatur
1333 3616 1437 3682 gram-

412 3705 534 3768 matica
556 3708 590 3765 et
612 3721 710 3765 sacra
732 3703 908 3786 scriptura,
932 3720 959 3763 o.
983 3699 1011 3764 5.
1036 3699 1110 3764 dist.
1135 3703 1186 3764 86.

354 3803 388 3890 2)
411 3806 523 3870 studia
553 3805 788 3888 grammatices
820 3807 1007 3867 Themeres.
1035 3803 1077 3868 II.
1106 3801 1163 3868 lib.
1187 3805 1214 3868 1.
1237 3825 1264 3868 c.
1287 3801 1437 3869 93—104.

414 3908 631 3974 celeberrima
672 3905 786 3972 schola
818 3904 869 3972 St.
903 3904 1002 3989 Galli,
1042 3907 1187 3991 (ifrirer,
1224 3908 1340 3987 (ἕτερον
1368 3903 1437 3968 VII.
1512 3899 1513 3972 ζ

412 4019 490 4076 tom.
512 4011 538 4075 Ι.

225 4187 227 4197 ¹
353 4114 450 4200 4)1n
479 4117 661 4200 gymnasiis
685 4135 803 4182 cursus
838 4122 910 4178 erat
939 4114 1066 4200 duplex
1094 4117 1185 4179 trivii
1215 4121 1249 4180 et
1272 4111 1437 4200 quadrivii.
1511 4131 1513 4192 ῃ

411 4218 451 4282 In
477 4220 576 4282 trivio
599 4225 693 4283 erant
722 4217 959 4302 Grammatico,
982 4217 1163 4282 Rhetorica
1186 4225 1219 4284 et
1241 4216 1437 4293 Dialectica;

412 4323 446 4385 in
461 4319 635 4408 quadrivio
647 4319 810 4410 Algebra,
824 4320 1028 4408 Geometria,
1038 4321 1253 4390 Astronomia
1263 4329 1296 4388 et
1307 4319 1436 4388 Musica.
1512 4347 1513 4366 .
