3108 5138
758 374 974 440 ...3ss-

382 545 480 612 XIV.
509 547 539 612 d.
562 567 588 614 s.
612 545 642 610 d.
672 547 728 612 lib.
759 549 786 610 1.
810 569 836 612 c.
861 549 889 612 1.
913 544 940 630 ἓ.
965 548 993 612 2.
1023 546 1085 612 sed
1114 549 1277 634 respicias
1307 550 1352 614 ad
1381 572 1434 634 ea,

383 672 470 736 quae
485 649 619 736 prolata
635 658 712 715 sunt
724 652 757 714 in
776 654 904 714 enabat.
916 651 1002 734 juris
1016 652 1163 735 pontific.
1185 650 1435 739 livrrscptidme

381 775 414 839 p.
438 755 532 818 1267.

422 855 572 922 Concilio
600 857 816 943 provincialia
845 893 886 904 -
909 865 988 923 sunt
1009 858 1236 944 particularia.
1282 857 1436 925 Concilia

339 1036 341 1040 Ι
381 959 543 1044 Romana,

339 1061 375 1147 a)
398 1066 543 1148 quinque
566 1061 789 1128 lateranensia
812 1071 908 1130 erant
930 1066 1152 1148 oecumenica,

338 1164 375 1251 b)
400 1168 471 1230 109.
494 1169 590 1230 erant
611 1165 838 1252 provincialia.
881 1167 1034 1232 Romana
1056 1171 1168 1232 autem
1184 1169 1358 1253 provincia
1381 1177 1436 1233 est

399 1271 485 1334 inter
509 1267 703 1354 Capuanum
727 1276 761 1334 et
782 1269 948 1335 Pisanum.

421 1375 533 1437 Bened.
553 1371 650 1438 XIV.
675 1371 706 1438 d.
729 1394 755 1436 s.
777 1373 808 1438 d.
829 1371 876 1438 lib
909 1374 938 1438 2.
961 1393 988 1440 c.
1012 1375 1040 1438 2.
1064 1372 1091 1458 §-
1115 1375 1145 1440 5.

419 1475 603 1540 Historiam
619 1475 833 1540 conciliorum
846 1479 970 1542 nostrie
986 1477 1194 1562 temporibus
1214 1476 1313 1544 dedit,
1331 1481 1436 1559 Hesele

379 1578 466 1664 prof.
490 1578 716 1664 Tubingensis
739 1581 772 1642 in
792 1578 1009 1644 celeberrimo
1032 1600 1144 1666 opere.

295 1680 488 1748 Concilium
512 1681 751 1748 Tridentinum.

379 1785 541 1850 Ultimum
564 1785 744 1850 eooneiliis
761 1787 990 1870 oecumenicis,
1014 1805 1080 1870 quo
1098 1785 1310 1850 confirmatur
1335 1785 1435 1852 doc-

379 1889 493 1952 trina
515 1887 783 1971 antetridentina,
806 1888 897 1972 quod
913 1887 1176 1954 demonstratum
1199 1895 1252 1954 est
1274 1909 1296 1952 a
1316 1891 1434 1951 Larm-

378 1989 579 2074 mero,01im
608 1988 767 2074 theologo
790 1992 1040 2076 'protestantioc
1069 2026 1111 2038 -
1132 1993 1167 2057 in
1196 1991 1434 2057 dissertatione

378 2097 517 2158 Berolini
537 2094 685 2179 praemio
708 2099 835 2158 ornata.

418 2196 517 2276 Quod
528 2199 650 2262 attinet
662 2195 706 2260 ad
718 2195 880 2262 ecclesiae
902 2197 1190 2285 disciplinam,
1213 2199 1433 2264 reformatio-

376 2321 437 2366 nes
460 2299 636 2365 conclusae
658 2307 736 2364 srmt
757 2333 799 2346 --
823 2300 942 2386 quibus
964 2301 1170 2386 respondent
1199 2301 1351 2386 singulae
1373 2323 1433 2368 re-

376 2405 593 2479 formationes
615 2402 792 2488 liturgicae
814 2401 862 2487 (v.
884 2402 1064 2488 Liturgia).

414 2508 597 2592 Respicere
619 2506 702 2571 velie
725 2506 919 2571 thesaurum
948 2505 1187 2572 resolutionum
1217 2529 1243 2573 s.
1265 2531 1298 2574 v.
1327 2507 1431 2573 the-

377 2632 562 2694 saurum,
585 2610 698 2694 ibique
715 2609 853 2676 decreta
867 2629 986 2676 sacrae
1008 2612 1130 2676 rituum
1146 2613 1429 2697 congregationis.

415 2711 631 2796 Philosophia
655 2715 809 2774 Thamaris
830 2713 873 2776 ab
902 2718 1022 2792 Aquino
1044 2717 1213 2780 remansit.
1258 2712 1340 2781 Cfas
1369 2734 1431 2778 re-

382 2818 541 2900 scriptum
563 2818 613 2876 Pit
633 2813 698 2880 IX.
719 2817 754 2878 in
777 2819 922 2894 Rosshirt,
942 2817 999 2901 jbs
1023 2837 1094 2882 can.
1117 2838 1149 2902 p.
1172 2818 1244 2880 624.

417 2918 678 2984 Controversiae
701 2919 866 3004 quaedam
894 2920 1123 3005 professorum
1154 2917 1429 2988 Germanicorum

377 3025 536 3109 imprimis
550 3026 645 3084 Kahn
658 3022 882 3106 Tuhingensis
900 3029 934 3088 et
947 3026 1179 3102 clamemnunc
1202 3025 1257 3108 pio
1276 3021 1429 3090 defuncti

375 3127 652 3190 Monasteriensis
685 3124 784 3192 facile
807 3125 1054 3212 componendae
1078 3133 1174 3210 sunt;
1195 3125 1272 3193 vide
1300 3133 1429 3190 tomum

376 3229 556 3295 secundum
578 3229 676 3313 hujus
700 3231 820 3314 operis.
909 3271 912 3278 ·

292 3332 528 3398 conclavista.
580 3333 655 3396 Tali
683 3334 813 3398 nomine
845 3339 1084 3416 nuncupantur¹
1115 3331 1163 3398 illi
1200 3330 1428 3398 Cardinalium

374 3436 574 3519 familiares,
598 3435 718 3520 quibus
741 3457 814 3500 cum
836 3435 900 3501 illis
923 3437 957 3498 in
981 3432 1151 3502 Conclavo
1178 3438 1317 3508 introire
1345 3455 1429 3520 per-

374 3543 523 3622 mittitur,
546 3547 583 3604 ut
604 3543 753 3625 ipsorum
776 3560 893 3604 curam
907 3539 1062 3607 habeant
1105 3541 1247 3602 Ferraria
1267 3537 1427 3604 articulus

373 3666 479 3710 novus
505 3647 683 3707 Catinensis.
729 3641 780 3706 Of.
802 3661 936 3728 quoque
958 3641 1158 3726 dapiferi.

289 3745 634 3812 Concordantiurum
657 3741 691 3809 S.
715 3743 748 3808 S.
771 3747 958 3828 scripturae
973 3747 1132 3808 Manuale:
1155 3743 1256 3808 editio
1275 3745 1311 3806 in
1334 3763 1428 3806 com-

374 3851 600 3914 modissimum
624 3845 949 3932 ordinemdisposita
969 3853 1090 3912 etcum
1112 3849 1184 3932 ipso
1207 3853 1305 3913 textu
1326 3865 1426 3912 sauro

319 3983 320 3986 ¹
375 3952 416 4016 de
439 3951 543 4016 verbo
568 3949 773 4014 adverbum
796 3951 908 4014 sexies
931 3947 1054 4016 collata
1076 3984 1118 3994 —
1141 3948 1333 4021 auctoribus
1356 3947 1427 4013 ΡΡ.

375 4054 416 4118 de
437 4059 529 4134 Reae,
553 4054 595 4118 de
611 4056 760 4114 Luchoud
782 4055 981 4118 etFlandria
1003 4055 1036 4116 S.
1057 4057 1088 4118 J.
1130 4051 1289 4136 Lugduni
1312 4049 1427 4114 etPa-

373 4160 461 4222 risiis
492 4159 584 4221 1861.
630 4155 897 4220 Concordantiae
926 4156 1114 4228 Bibliorum,
1142 4153 1321 4221 Sacrorum
1349 4151 1427 4216 vul-

374 4269 474 4345 gatae
496 4261 646 4324 editionis
670 4260 714 4324 ad
736 4262 996 4344 recognitionem
1014 4261 1112 4346 jussu
1135 4262 1216 4325 suu
1237 4257 1278 4322 V.
1300 4257 1425 4324 Pontis.
1519 4343 1522 4348 Ι

372 4367 455 4430 Moe.
498 4361 614 4430 Bibliis
646 4363 829 4430 adhibitam
857 4366 1051 4462 'recensitae
1086 4370 1120 4430 et
1156 4359 1353 4434 emendatae
1383 4359 1428 4425 ad
