3108 5138
729 321 992 397 ..m-l

353 503 388 564 et
409 497 585 564 beatorum
610 495 858 560 canonizatione
878 493 936 560 lib.
957 491 1016 560 Ill.
1038 491 1105 558 Vel
1126 499 1218 558 certo
1242 491 1296 560 dis
1317 514 1410 580 quo-

350 603 402 666 vis
425 620 511 664 anuo
535 597 754 680 celebrantur,
777 597 831 662 vel
851 596 989 682 singulis
1013 595 1220 662 dioecesibus
1242 595 1295 660 vel
1310 596 1407 662 locis.

352 707 578 766 Bottcndtstoc:
590 701 699 766 Lioba
710 721 772 786 per
784 700 961 766 dioecesim
970 699 1172 766 Fuldensem
1187 707 1221 764 et
1233 701 1267 764 in
1278 699 1407 785 oppido

353 803 735 882 Tanbcrbischolsbeim‚
758 803 815 868 ubi
838 810 911 868 erat
933 802 1115 868 abbatissa.

267 910 462 975 cantorum
485 906 579 974 ordo.
624 905 746 972 Sanxit
767 905 859 970 illum
881 909 914 968 S.
935 907 1098 986 Gregorius
1120 907 1154 970 in
1170 903 1308 990 synodo
1330 904 1408 968 Ro-

353 1033 452 1076 mana
473 1045 515 1058 -
538 1030 580 1076 ne
608 1009 797 1096 presbyteri
819 1008 992 1074 diaconive
1012 1011 1046 1072 in
1075 1007 1217 1074 ecclesia
1239 1015 1407 1090 moerent,

354 1113 414 1180 aed
435 1111 631 1178 subdiaconi
660 1119 805 1192 tentum,
828 1115 1038 1198 minoresque
1068 1109 1202 1176 ordines
1232 1131 1272 1176 ac
1301 1113 1407 1198 pueri.

354 1215 429 1280 Lib.
459 1215 555 1279 diurn
594 1236 626 1300 p.
651 1215 722 1279 135.
753 1213 805 1279 ed.
828 1216 1010 1294 (incaestus,
1044 1222 1078 1278 et
1100 1216 1224 1278 Ferrar.
1254 1233 1299 1280 ex
1328 1213 1408 1278 edit.

355 1323 612 1382 Bareietliniana.

269 1423 415 1488 Canius.
438 1422 514 1486 Mos
538 1420 706 1486 orientalis
722 1427 804 1496 erat,
827 1427 864 1484 ut
885 1420 997 1506 hymni
1019 1429 1053 1486 et
1074 1420 1195 1508 psalmi
1216 1420 1409 1488 alternatim

357 1532 563 1594 canerentur.
609 1522 736 1588 Cantus
769 1532 821 1590 est
842 1523 897 1588 vel
919 1525 1130 1609 directus,
1154 1545 1227 1590 cum
1244 1532 1336 1589 totus
1358 1527 1410 1590 si-

316 1675 320 1682 ·
355 1627 422 1692 mul
443 1627 563 1694 chorus
587 1629 804 1694 communiter
826 1629 916 1692 canit
943 1648 1010 1692 non
1039 1627 1228 1694 alternatim
1258 1627 1409 1692 seduno

356 1730 459 1799 veluti
483 1751 540 1796 ore
561 1750 695 1815 unoque
708 1737 888 1818 concentu:
911 1729 1189 1818 antiphonus.
1213 1751 1288 1794 cum
1309 1731 1411 1796 inbi-

356 1854 417 1898 nas
441 1833 567 1898 classes
592 1834 778 1898 canentium
800 1832 922 1898 chorus
946 1833 1286 1920 dispertitnsalternis
1309 1837 1410 1918 canit,

357 1937 684 2021 responsorius,
712 1955 787 1998 cum
808 1957 893 2002 unus
916 1943 1033 2000 cantor
1053 1937 1227 2021 praecinit,
1250 1936 1411 2022 totusque

362 2038 483 2104 chorus
519 2038 567 2102 illi
604 2038 838 2125 respondendo
877 2043 1029 2119 succinit,
1066 2045 1235 2105 tractus
1264 2025 1410 2120 tandem,

359 2163 458 2227 quem
491 2163 575 2206 unus
598 2141 690 2208 eolus
715 2164 759 2206 ex
788 2145 960 2228 primaeva
989 2145 1192 2230 institutoris
1223 2143 1411 2210 officiorum

358 2254 468 2312 mente
490 2267 610 2312 canere
631 2246 741 2331 debet,
763 2246 853 2310 nullo
888 2249 1080 2315 succinente
1103 2247 1158 2312 vel
1173 2247 1409 2334 respondente,

355 2349 436 2416 licet
457 2370 544 2414 nunc
566 2357 695 2416 tractus
711 2350 952 2418 alternantibus
968 2349 1079 2415 choris
1094 2371 1272 2436 perperam
1284 2349 1411 2414 decan-

335 2479 337 2486 ’
358 2455 425 2518 tari
447 2452 566 2520 soleat.
587 2456 753 2518 Morientur
776 2453 819 2518 de
840 2455 966 2539 antiqu.
987 2453 1106 2518 ritibus
1129 2461 1162 2518 et
1174 2452 1303 2539 discipl
1324 2454 1410 2515 sm.

360 2560 403 2619 cd.
430 2560 496 2619 Cas.
563 2583 567 2590 ’

273 2658 416 2742 capena
436 2679 499 2745 pro
523 2657 710 2730 sacello-
734 2658 926 2746 capellanus
948 2680 1011 2746 pro
1035 2681 1078 2744 „a
1091 2657 1239 2741 sacello“
1266 2663 1345 2722 Voss.
1368 2657 1412 2722 de

359 2765 416 2826 vit.
439 2784 472 2849 p.
496 2763 568 2828 138.
591 2764 662 2829 143.

275 2864 419 2950 Capella
442 2869 475 2930 ct
498 2865 699 2950 Capeliania
722 2887 826 2953 saepe
854 2887 916 2954 pro
946 2867 1063 2934 eodem
1094 2868 1322 2952 accipiuntur,
1350 2865 1410 2930 sed

362 2967 493 3054 capella
516 2978 567 3034 est
588 2970 682 3035 locus
705 2973 858 3055 privatus
888 2972 922 3032 in
944 2970 1098 3053 ecclesia,
1121 2970 1316 3057 plerumque
1337 2989 1409 3031 mo-

360 3071 435 3153 dica
458 3071 611 3157 ecclesia,
635 3072 821 3158 capellania
853 3095 933 3139 vero
956 3081 1009 3138 cst
1035 3074 1181 3158 officium
1204 3071 1410 3138 ecclesiasti-

362 3175 861 3262 cumintriplicidifferentia*
874 3179 1087 3260 mercenaria,
1111 3175 1277 3258 collativa,
1300 3177 1411 3259 genti-

360 3277 432 3343 litia
462 3299 522 3344 seu
546 3281 633 3365 juris
663 3288 880 3366 patronatus,
910 3305 941 3345 v.
972 3283 1120 3345 Ferraria
1149 3314 1190 3326 -
1214 3277 1405 3366 capellanus

362 3381 578 3471 distinguitur
600 3386 665 3467 ite,
687 3393 725 3450 nt
748 3389 792 3451 sit
813 3385 868 3452 vel
895 3389 930 3448 in
960 3385 1122 3448 communi
1143 3383 1198 3447 vel
1219 3383 1358 3446 militum
1377 3389 1412 3445 et

363 3490 542 3552 castrensis
564 3487 620 3552 vel
641 3489 839 3554 monialium.

277 3590 419 3674 Capella
442 3589 656 3677 distinguitur
678 3592 834 3658 asscella
857 3592 944 3657 eteb
965 3593 1122 3656 oratorio.
1146 3587 1279 3656 Sacella
1294 3587 1413 3654 dicun-

361 3703 417 3760 tur
438 3694 514 3760 loca
536 3694 590 3759 dis
613 3703 748 3760 sacrata
771 3698 843 3760 sine
864 3701 962 3760 teoto.
1008 3697 1117 3772 Klotz,
1146 3716 1172 3758 s.
1195 3694 1226 3758 h.
1249 3701 1281 3758 v.'
1302 3698 1413 3756 Festus.

363 3797 503 3886 Capella
525 3805 656 3864 nonest
677 3797 863 3883 benedicta,
885 3801 1005 3884 inqua
1027 3819 1093 3863 non
1122 3797 1310 3862 celebratur
1333 3796 1414 3860 offi-

364 3903 460 3982 cium,
483 3922 587 3987 quare
616 3923 682 3966 non
705 3909 757 3967 est
779 3905 968 3967 oratorium.
1014 3900 1206 3968 Oratorium
1228 3906 1339 3964 antem
1361 3906 1414 3964 est

365 4003 493 4089 capella
508 4004 692 4090 benedicta,
716 4013 769 4070 est
789 4005 844 4070 vel
865 4005 1034 4091 publicum
1056 4003 1110 4067 vel
1131 4006 1308 4089 privatum.
1334 4001 1414 4064 Pri-

364 4129 453 4171 mum
482 4108 673 4173 conceditur
703 4108 746 4172 ab
777 4110 934 4195 episcopo
964 4143 1006 4156 -
1036 4107 1178 4182 alterum
1206 4103 1413 4170 solummodo

365 4231 385 4274 a
407 4213 550 4294 Pontifices
570 4233 695 4276 summo.
740 4213 792 4278 De
815 4216 909 4276 varia
932 4211 1147 4299 Capellarum
1169 4210 1413 4296 significatione

365 4323 400 4382 et
415 4319 543 4404 origine
552 4326 677 4390 tractat
684 4324 724 4384 du
739 4322 849 4386 nieme
865 4339 890 4384 s.
900 4339 931 4386 v.
943 4317 1081 4407 capella.
1094 4323 1128 4384 et
1140 4336 1272 4405 quoque
1284 4319 1414 4381 Moroni.
