3088 5140
749 346 988 416 -1‘16-

298 519 314 620 ¹·
387 520 429 586 V.
463 523 708 587 examinatores
739 519 929 605 synodales.
958 523 1080 585 Feror.
1112 517 1299 607 Synodales
1336 526 1448 586 testes

388 631 484 690 erant
497 627 731 704 circumitores,
750 627 900 692 vitamet
923 647 1030 692 mores
1047 626 1214 690 homiuum
1225 621 1448 710 exploraturi.

303 729 514 811 Synoriyrua
537 731 570 792 et
592 725 777 810 Opposita.
807 728 883 792 Non
905 729 1029 814 ubique
1050 731 1216 814 reperitur
1239 730 1447 812 oppositum,

388 832 449 898 sed
477 851 544 896 non
572 851 650 896 raro
680 831 825 916 aliquid,
856 831 946 918 quod
975 831 1079 898 habet
1106 835 1245 896 mixtam
1278 837 1448 910 naturam,

390 934 606 1020 distinguitur
629 933 756 1000 directe
779 941 813 1000 et
833 934 994 1000 indirecte
1006 931 1215 1020 Oppositum.
1257 932 1336 998 Non
1359 934 1449 996 enim

387 1057 442 1104 res
474 1037 640 1123 quaedam
669 1037 767 1102 alteri
796 1057 926 1124 semper
956 1045 1008 1104 est
1042 1039 1225 1120 contraria,
1262 1034 1322 1100 sed
1359 1056 1449 1121 quo-

389 1144 440 1206 vis
463 1140 563 1206 modo
585 1140 640 1205 vel
661 1141 841 1225 conjuncta
863 1141 918 1206 vel
941 1142 1116 1226 disjuncta.
1159 1141 1198 1205 ln
1220 1147 1337 1204 nostro
1358 1138 1448 1222 juris

389 1251 586 1328 argumento
609 1245 757 1330 inprimis
779 1244 1025 1330 respiciendum
1048 1251 1101 1310 est
1123 1242 1167 1307 ad
1182 1243 1449 1327 significationes

390 1347 514 1411 latinae
527 1354 561 1412 et
572 1365 716 1433 graecae
728 1349 837 1412 vocis:
860 1369 932 1434 eg.
954 1350 1077 1430 „missa
1100 1354 1152 1414 est
1169 1345 1367 1428 λειτουργία,
1390 1365 1449 1428 ay-

390 1453 500 1532 naxis‚
524 1449 666 1536 eulogie,
690 1450 839 1536 agathon
857 1449 1082 1536 mysterium.“
1127 1449 1222 1516 Tune
1249 1451 1353 1514 missa
1378 1446 1449 1511 dis-

389 1555 533 1618 cernitur
556 1561 714 1638 tanquam
737 1553 936 1620 sacrificium
959 1554 1002 1618 ab
1025 1553 1236 1635 eucharistia,
1256 1553 1344 1616 inest
1373 1553 1450 1636 qui-

390 1655 464 1720 dem
487 1654 690 1720 eucharistia
712 1658 887 1741 sacrificio,
910 1657 971 1724 scd
994 1655 1197 1726 eucharistie
1217 1661 1331 1742 potest
1358 1651 1449 1719 cele·

390 1759 482 1824 brari
514 1761 584 1823 sine
622 1759 796 1828 sacrificio.
841 1756 1029 1844 Conjuucta
1059 1779 1194 1844 quoque
1221 1763 1336 1844 potest
1374 1776 1449 1822 esse

391 1883 464 1926 cum
486 1864 608 1927 missae
632 1863 796 1928 sacrificio
818 1861 953 1928 homilia
974 1863 1030 1930 vel
1053 1865 1178 1944 concio,
1209 1860 1269 1928 sed
1289 1861 1359 1929 hae
1383 1880 1448 1927 uon

388 1967 558 2052 pertinent
580 1965 624 2030 ad
646 1966 856 2032 sacrificium.

305 2067 487 2150 syntyche
510 2103 552 2116 -
565 2088 764 2154 congressus
786 2071 807 2132 i
830 2089 856 2134 e.
879 2068 1030 2147 ecclesia,
1053 2089 1083 2132 v.
1107 2068 1238 2134 evodia.

304 2171 469 2252 systema
477 2172 563 2256 juris
578 2173 727 2236 canonici
742 2169 833 2257 quod
845 2175 963 2239 attinet
974 2171 1018 2236 ad
1025 2171 1082 2257 jus
1094 2175 1270 2258 privatum.
1291 2169 1334 2238 In
1345 2191 1447 2236 sensu

390 2273 527 2362 speciali
549 2275 776 2359 ecclesiastico
799 2277 935 2361 respicit
962 2275 1006 2340 ad
1031 2275 1088 2360 jus
1112 2273 1306 2356 clericorum
1339 2281 1374 2339 et
1404 2271 1446 2337 ad

386 2379 443 2462 jus
466 2375 628 2443 bonorum
651 2375 812 2444 ecclesiae
828 2377 1117 2464 acquirendorum,
1140 2375 1444 2442 conservandorum

390 2489 424 2545 et
454 2479 717 2548 amittendorum.
769 2477 905 2568 Ubique
935 2480 1076 2550 eeclesia
1104 2479 1294 2568 praetendit
1324 2481 1444 2544 immu-

390 2583 536 2649 nitatem.

431 2687 470 2752 In
492 2707 555 2751 usu
578 2686 726 2772 generali
744 2687 800 2774 jus
815 2685 1020 2753 Canonicum
1042 2687 1145 2754 multa
1157 2689 1295 2772 corrigit
1308 2687 1444 2752 christi-

391 2792 526 2854 anitatis
556 2809 647 2855 more
676 2793 709 2854 in
740 2792 806 2868 eis,
838 2812 925 2878 quae
955 2792 1109 2858 desumta
1137 2793 1273 2857 fuerunt
1303 2812 1349 2856 ex
1368 2791 1444 2876 jure

391 2891 554 2958 Romano.
599 2892 661 2958 Jus
684 2896 885 2959 matrimonii
907 2901 940 2960 et
962 2895 1109 2962 familiae
1127 2893 1231 2982 plane
1257 2894 1344 2980 juris
1366 2895 1445 2960 novi

391 3003 459 3062 est:
480 2997 609 3082 injure
631 3017 741 3062 rerum
764 3004 879 3062 exstat
900 2999 1072 3084 possessio
1087 2999 1174 3084 juris
1189 2996 1348 3062 Canonici
1370 3017 1444 3062 cum

390 3097 538 3164 remedio
560 3098 768 3185 spoliationis
792 3101 906 3185 -jus
929 3102 962 3165 in
984 3121 1021 3166 re
1045 3109 1078 3167 et
1101 3101 1144 3166 ad
1166 3122 1236 3166 rem
1257 3103 1292 3164 in
1312 3099 1443 3165 benefi-

392 3206 462 3287 ciis,
494 3205 663 3268 concessio
692 3202 942 3288 privilegiorum
966 3211 1000 3270 et
1030 3207 1206 3292 acquisitio
1240 3224 1354 3269 eorum
1382 3223 1443 3290 per

393 3307 639 3392 possessionem
661 3305 929 3373 immemorialem
953 3341 994 3354 -
1015 3311 1234 3394 praescriptio
1246 3305 1355 3373 bonae
1366 3305 1444 3371 fidei

391 3409 578 3491 continuae,
601 3429 706 3494 genus
729 3415 972 3495 proemiorum,
996 3411 1111 3493 multa,
1135 3433 1221 3498 quae
1255 3412 1442 3496 nuperrime

391 3513 572 3576 constituta
594 3518 671 3576 sunt
692 3514 726 3576 in
748 3512 1006 3580 alienationibus
1024 3519 1094 3580 tam
1117 3517 1203 3582 inter
1225 3517 1320 3580 vivos
1344 3533 1442 3598 quam

391 3615 506 3679 mortis
521 3633 632 3679 causa
654 3647 696 3662 -
719 3622 993 3682 testamentorum
1016 3617 1196 3701 ordinatio,
1227 3623 1442 3684 executorum

391 3716 527 3782 ultimae
548 3716 730 3785 voluntatis
739 3721 806 3804 jus,
830 3719 973 3806 denique
988 3728 1163 3808 pectorum
1177 3723 1338 3788 sanctitas
1345 3721 1442 3806 jura-

391 3823 511 3887 mentis
535 3827 568 3886 et
589 3825 678 3888 votis
702 3823 906 3888 confirmata.

461 3922 586 3990 Videas
610 3927 755 4012 praefat.
779 3945 836 3995 sec
856 3935 943 4014 part.
