<?xml version="1.0" encoding="UTF-8"?>
<!DOCTYPE html PUBLIC "-//W3C//DTD XHTML 1.0 Transitional//EN"
    "http://www.w3.org/TR/xhtml1/DTD/xhtml1-transitional.dtd">
<html xmlns="http://www.w3.org/1999/xhtml" xml:lang="en" lang="en">
 <head>
  <title>
</title>
<meta http-equiv="Content-Type" content="text/html;charset=utf-8" />
  <meta name='ocr-system' content='tesseract 3.04.00' />
  <meta name='ocr-capabilities' content='ocr_page ocr_carea ocr_par ocr_line ocrx_word'/>
</head>
<body>
  <div class='ocr_page' id='page_1' title='image "./manualelatinita00rossgoog_0145.png"; bbox 0 0 3080 5150; ppageno 0'>
   <div class='ocr_carea' id='block_1_1' title="bbox 745 363 981 432">
    <p class='ocr_par' dir='ltr' id='par_1_1' title="bbox 745 363 981 432">
     <span class='ocr_line' id='line_1_1' title="bbox 745 363 981 432; baseline 0.008 -16"><span class='ocrx_word' id='word_1_1' title='bbox 745 363 981 432; x_wconf 77' lang='lat'>..124-</span> 
     </span>
    </p>
   </div>
   <div class='ocr_carea' id='block_1_2' title="bbox 291 531 1434 4343">
    <p class='ocr_par' dir='ltr' id='par_1_2' title="bbox 387 531 1434 728">
     <span class='ocr_line' id='line_1_2' title="bbox 428 531 1434 628; baseline 0.002 -24"><span class='ocrx_word' id='word_1_2' title='bbox 428 531 685 624; x_wconf 78' lang='lat' dir='ltr'><strong>(Domanicane,</strong></span> <span class='ocrx_word' id='word_1_3' title='bbox 708 537 829 605; x_wconf 88' lang='lat' dir='ltr'><strong>Minori</strong></span> <span class='ocrx_word' id='word_1_4' title='bbox 852 540 1057 623; x_wconf 84' lang='lat' dir='ltr'><strong>osserranti,</strong></span> <span class='ocrx_word' id='word_1_5' title='bbox 1085 538 1208 606; x_wconf 85' lang='lat' dir='ltr'><strong>Minori</strong></span> <span class='ocrx_word' id='word_1_6' title='bbox 1230 537 1434 628; x_wconf 81' lang='lat' dir='ltr'><strong>Gappunine,</strong></span> 
     </span>
     <span class='ocr_line' id='line_1_3' title="bbox 387 638 968 728; baseline 0.002 -22"><span class='ocrx_word' id='word_1_7' title='bbox 387 638 611 710; x_wconf 82' lang='lat' dir='ltr'><strong>Carmelitane</strong></span> <span class='ocrx_word' id='word_1_8' title='bbox 633 642 798 716; x_wconf 82' lang='lat' dir='ltr'><strong>sealne—</strong></span> <span class='ocrx_word' id='word_1_9' title='bbox 810 641 968 728; x_wconf 83' lang='lat' dir='ltr'><strong>Servite).</strong></span> 
     </span>
    </p>

    <p class='ocr_par' dir='ltr' id='par_1_3' title="bbox 298 739 1433 1140">
     <span class='ocr_line' id='line_1_4' title="bbox 298 739 1433 834; baseline 0.003 -27"><span class='ocrx_word' id='word_1_10' title='bbox 298 739 474 810; x_wconf 78' lang='lat' dir='ltr'><strong>Monaebi.</strong></span> <span class='ocrx_word' id='word_1_11' title='bbox 517 744 641 811; x_wconf 81' lang='lat' dir='ltr'><strong>Eorum</strong></span> <span class='ocrx_word' id='word_1_12' title='bbox 672 747 815 830; x_wconf 81' lang='lat' dir='ltr'>origines</span> <span class='ocrx_word' id='word_1_13' title='bbox 844 754 880 813; x_wconf 87' lang='lat' dir='ltr'><strong>et</strong></span> <span class='ocrx_word' id='word_1_14' title='bbox 906 766 1108 833; x_wconf 81' lang='lat' dir='ltr'><strong>progressus</strong></span> <span class='ocrx_word' id='word_1_15' title='bbox 1139 747 1230 834; x_wconf 87' lang='lat' dir='ltr'><strong>apud</strong></span> <span class='ocrx_word' id='word_1_16' title='bbox 1259 751 1433 827; x_wconf 77' lang='lat' dir='ltr'><strong>Ropprecbt</strong></span> 
     </span>
     <span class='ocr_line' id='line_1_5' title="bbox 381 847 1433 937; baseline 0.004 -26"><span class='ocrx_word' id='word_1_17' title='bbox 381 854 448 912; x_wconf 89' lang='lat' dir='ltr'><strong>not.</strong></span> <span class='ocrx_word' id='word_1_18' title='bbox 481 847 558 913; x_wconf 83' lang='lat' dir='ltr'><strong>hist</strong></span> <span class='ocrx_word' id='word_1_19' title='bbox 587 857 664 914; x_wconf 88' lang='lat' dir='ltr'><strong>tom.</strong></span> <span class='ocrx_word' id='word_1_20' title='bbox 694 849 753 914; x_wconf 86' lang='lat' dir='ltr'><strong>IIL</strong></span> <span class='ocrx_word' id='word_1_21' title='bbox 782 849 947 914; x_wconf 88' lang='lat' dir='ltr'><strong>Primaria</strong></span> <span class='ocrx_word' id='word_1_22' title='bbox 984 856 1018 915; x_wconf 90' lang='lat' dir='ltr'><strong>et</strong></span> <span class='ocrx_word' id='word_1_23' title='bbox 1047 851 1145 937; x_wconf 89' lang='lat' dir='ltr'><strong>quasi</strong></span> <span class='ocrx_word' id='word_1_24' title='bbox 1173 849 1433 918; x_wconf 82' lang='lat' dir='ltr'><strong>fundamentalis</strong></span> 
     </span>
     <span class='ocr_line' id='line_1_6' title="bbox 381 949 1432 1040; baseline 0.004 -25"><span class='ocrx_word' id='word_1_25' title='bbox 381 949 620 1017; x_wconf 89' lang='lat' dir='ltr'><strong>Monacborum</strong></span> <span class='ocrx_word' id='word_1_26' title='bbox 640 953 855 1039; x_wconf 87' lang='lat' dir='ltr'><strong>pristinorum</strong></span> <span class='ocrx_word' id='word_1_27' title='bbox 876 951 995 1038; x_wconf 83' lang='lat' dir='ltr'><strong>regula</strong></span> <span class='ocrx_word' id='word_1_28' title='bbox 1009 953 1074 1017; x_wconf 81' lang='lat' dir='ltr'><strong>fuit</strong></span> <span class='ocrx_word' id='word_1_29' title='bbox 1084 953 1294 1038; x_wconf 82' lang='lat' dir='ltr'><strong>evangelium</strong></span> <span class='ocrx_word' id='word_1_30' title='bbox 1312 955 1432 1040; x_wconf 89' lang='lat' dir='ltr'><strong>ipsum,</strong></span> 
     </span>
     <span class='ocr_line' id='line_1_7' title="bbox 381 1052 1227 1140; baseline 0.005 -23"><span class='ocrx_word' id='word_1_31' title='bbox 381 1052 472 1140; x_wconf 92' lang='lat' dir='ltr'><strong>qnod</strong></span> <span class='ocrx_word' id='word_1_32' title='bbox 495 1054 632 1120; x_wconf 88' lang='lat' dir='ltr'><strong>exhibet</strong></span> <span class='ocrx_word' id='word_1_33' title='bbox 653 1074 780 1120; x_wconf 90' lang='lat' dir='ltr'><strong>summa</strong></span> <span class='ocrx_word' id='word_1_34' title='bbox 801 1053 943 1120; x_wconf 89' lang='lat' dir='ltr'><strong>concilia</strong></span> <span class='ocrx_word' id='word_1_35' title='bbox 965 1054 1227 1121; x_wconf 74' lang='lat' dir='ltr'><strong>christianitatis.</strong></span> 
     </span>
    </p>

    <p class='ocr_par' dir='ltr' id='par_1_4' title="bbox 379 1155 1431 1554">
     <span class='ocr_line' id='line_1_8' title="bbox 423 1155 1431 1245; baseline 0.003 -24"><span class='ocrx_word' id='word_1_36' title='bbox 423 1155 647 1242; x_wconf 74' lang='lat' dir='ltr'><strong>Hieronymus</strong></span> <span class='ocrx_word' id='word_1_37' title='bbox 671 1157 713 1222; x_wconf 92' lang='lat' dir='ltr'><strong>de</strong></span> <span class='ocrx_word' id='word_1_38' title='bbox 735 1155 930 1222; x_wconf 87' lang='lat' dir='ltr'><strong>Coenobitis</strong></span> <span class='ocrx_word' id='word_1_39' title='bbox 953 1160 1004 1222; x_wconf 90' lang='lat' dir='ltr'><strong>sui</strong></span> <span class='ocrx_word' id='word_1_40' title='bbox 1026 1159 1184 1244; x_wconf 89' lang='lat' dir='ltr'><strong>temporis</strong></span> <span class='ocrx_word' id='word_1_41' title='bbox 1206 1157 1346 1245; x_wconf 89' lang='lat' dir='ltr'><strong>loquens</strong></span> <span class='ocrx_word' id='word_1_42' title='bbox 1369 1163 1431 1227; x_wconf 86' lang='lat' dir='ltr'><strong>ait:</strong></span> 
     </span>
     <span class='ocr_line' id='line_1_9' title="bbox 381 1260 1430 1349; baseline 0.002 -23"><span class='ocrx_word' id='word_1_43' title='bbox 381 1262 487 1348; x_wconf 88' lang='lat' dir='ltr'><strong>prima</strong></span> <span class='ocrx_word' id='word_1_44' title='bbox 510 1261 599 1349; x_wconf 88' lang='lat' dir='ltr'><strong>apud</strong></span> <span class='ocrx_word' id='word_1_45' title='bbox 623 1281 682 1326; x_wconf 88' lang='lat' dir='ltr'><strong>eos</strong></span> <span class='ocrx_word' id='word_1_46' title='bbox 712 1260 961 1327; x_wconf 75' lang='lat' dir='ltr'><strong>confoederatio</strong></span> <span class='ocrx_word' id='word_1_47' title='bbox 991 1268 1044 1326; x_wconf 88' lang='lat' dir='ltr'><strong>est</strong></span> <span class='ocrx_word' id='word_1_48' title='bbox 1073 1260 1211 1328; x_wconf 88' lang='lat' dir='ltr'><strong>obedire</strong></span> <span class='ocrx_word' id='word_1_49' title='bbox 1238 1263 1430 1348; x_wconf 88' lang='lat' dir='ltr'><strong>majoribus,</strong></span> 
     </span>
     <span class='ocr_line' id='line_1_10' title="bbox 380 1363 1430 1451; baseline 0.001 -22"><span class='ocrx_word' id='word_1_50' title='bbox 380 1372 416 1429; x_wconf 86' lang='lat' dir='ltr'><strong>et</strong></span> <span class='ocrx_word' id='word_1_51' title='bbox 437 1363 598 1451; x_wconf 91' lang='lat' dir='ltr'><strong>quidquid</strong></span> <span class='ocrx_word' id='word_1_52' title='bbox 618 1365 793 1450; x_wconf 86' lang='lat' dir='ltr'><strong>jusserint,</strong></span> <span class='ocrx_word' id='word_1_53' title='bbox 814 1363 936 1430; x_wconf 79' lang='lat' dir='ltr'><strong>facere.</strong></span> <span class='ocrx_word' id='word_1_54' title='bbox 964 1363 1073 1429; x_wconf 80' lang='lat' dir='ltr'><strong>Divisi</strong></span> <span class='ocrx_word' id='word_1_55' title='bbox 1095 1371 1172 1430; x_wconf 89' lang='lat' dir='ltr'><strong>sunt</strong></span> <span class='ocrx_word' id='word_1_56' title='bbox 1192 1384 1254 1451; x_wconf 88' lang='lat' dir='ltr'><strong>per</strong></span> <span class='ocrx_word' id='word_1_57' title='bbox 1275 1365 1430 1450; x_wconf 76' lang='lat' dir='ltr'><strong>decurias</strong></span> 
     </span>
     <span class='ocr_line' id='line_1_11' title="bbox 379 1469 683 1554; baseline 0 -22"><span class='ocrx_word' id='word_1_58' title='bbox 379 1473 482 1554; x_wconf 87' lang='lat' dir='ltr'><strong>atque</strong></span> <span class='ocrx_word' id='word_1_59' title='bbox 506 1469 683 1533; x_wconf 81' lang='lat' dir='ltr'><strong>centuriae.</strong></span> 
     </span>
    </p>

    <p class='ocr_par' dir='ltr' id='par_1_5' title="bbox 424 1569 1431 1660">
     <span class='ocr_line' id='line_1_12' title="bbox 424 1569 1431 1660; baseline 0 -24"><span class='ocrx_word' id='word_1_60' title='bbox 424 1569 584 1650; x_wconf 81' lang='lat' dir='ltr'><strong>Quamvis</strong></span> <span class='ocrx_word' id='word_1_61' title='bbox 606 1571 759 1638; x_wconf 86' lang='lat' dir='ltr'><strong>monachi</strong></span> <span class='ocrx_word' id='word_1_62' title='bbox 781 1570 944 1638; x_wconf 85' lang='lat' dir='ltr'><strong>eeclesiae</strong></span> <span class='ocrx_word' id='word_1_63' title='bbox 976 1589 1122 1658; x_wconf 80' lang='lat' dir='ltr'><strong>graecae</strong></span> <span class='ocrx_word' id='word_1_64' title='bbox 1144 1579 1179 1638; x_wconf 85' lang='lat' dir='ltr'><strong>ot</strong></span> <span class='ocrx_word' id='word_1_65' title='bbox 1207 1571 1331 1640; x_wconf 88' lang='lat' dir='ltr'><strong>latinae</strong></span> <span class='ocrx_word' id='word_1_66' title='bbox 1352 1579 1431 1660; x_wconf 91' lang='lat' dir='ltr'><strong>post</strong></span> 
     </span>
    </p>

    <p class='ocr_par' dir='ltr' id='par_1_6' title="bbox 295 1675 1430 1947">
     <span class='ocr_line' id='line_1_13' title="bbox 295 1675 1430 1762; baseline 0.004 -26"><span class='ocrx_word' id='word_1_67' title='bbox 295 1709 298 1714; x_wconf 94' lang='lat'>-</span> <span class='ocrx_word' id='word_1_68' title='bbox 379 1676 412 1739; x_wconf 77' lang='lat' dir='ltr'><strong>S.</strong></span> <span class='ocrx_word' id='word_1_69' title='bbox 427 1675 600 1738; x_wconf 71' lang='lat' dir='ltr'><strong>&#39;amonium</strong></span> <span class='ocrx_word' id='word_1_70' title='bbox 629 1677 874 1740; x_wconf 76' lang='lat' dir='ltr'><strong>strictissimam</strong></span> <span class='ocrx_word' id='word_1_71' title='bbox 903 1677 1111 1760; x_wconf 80' lang='lat' dir='ltr'><strong>castitatem,</strong></span> <span class='ocrx_word' id='word_1_72' title='bbox 1140 1683 1377 1762; x_wconf 82' lang='lat' dir='ltr'><strong>paupertatem</strong></span> <span class='ocrx_word' id='word_1_73' title='bbox 1398 1683 1430 1741; x_wconf 88' lang='lat' dir='ltr'><strong>et</strong></span> 
     </span>
     <span class='ocr_line' id='line_1_14' title="bbox 380 1777 1430 1866; baseline 0.003 -24"><span class='ocrx_word' id='word_1_74' title='bbox 380 1777 602 1844; x_wconf 85' lang='lat' dir='ltr'><strong>obedientiam</strong></span> <span class='ocrx_word' id='word_1_75' title='bbox 630 1784 821 1863; x_wconf 82' lang='lat' dir='ltr'><strong>servarent,</strong></span> <span class='ocrx_word' id='word_1_76' title='bbox 850 1777 912 1844; x_wconf 89' lang='lat' dir='ltr'><strong>has</strong></span> <span class='ocrx_word' id='word_1_77' title='bbox 941 1785 1055 1844; x_wconf 89' lang='lat' dir='ltr'><strong>tamen</strong></span> <span class='ocrx_word' id='word_1_78' title='bbox 1083 1777 1244 1866; x_wconf 87' lang='lat' dir='ltr'><strong>explicite</strong></span> <span class='ocrx_word' id='word_1_79' title='bbox 1271 1799 1339 1846; x_wconf 91' lang='lat' dir='ltr'><strong>non</strong></span> <span class='ocrx_word' id='word_1_80' title='bbox 1368 1801 1430 1845; x_wconf 88' lang='lat' dir='ltr'><strong>vo-</strong></span> 
     </span>
     <span class='ocr_line' id='line_1_15' title="bbox 378 1889 506 1947; baseline 0.008 -1"><span class='ocrx_word' id='word_1_81' title='bbox 378 1889 506 1947; x_wconf 89' lang='lat' dir='ltr'><strong>verunt.</strong></span> 
     </span>
    </p>

    <p class='ocr_par' dir='ltr' id='par_1_7' title="bbox 377 1984 1429 2487">
     <span class='ocr_line' id='line_1_16' title="bbox 423 1984 1429 2070; baseline -0.001 -19"><span class='ocrx_word' id='word_1_82' title='bbox 423 1985 611 2070; x_wconf 89' lang='lat' dir='ltr'><strong>Postquam</strong></span> <span class='ocrx_word' id='word_1_83' title='bbox 634 1985 803 2050; x_wconf 88' lang='lat' dir='ltr'><strong>distinctio</strong></span> <span class='ocrx_word' id='word_1_84' title='bbox 824 1984 882 2050; x_wconf 91' lang='lat' dir='ltr'><strong>illa</strong></span> <span class='ocrx_word' id='word_1_85' title='bbox 903 1991 1059 2050; x_wconf 89' lang='lat' dir='ltr'><strong>votorum</strong></span> <span class='ocrx_word' id='word_1_86' title='bbox 1080 1987 1114 2050; x_wconf 92' lang='lat' dir='ltr'><strong>in</strong></span> <span class='ocrx_word' id='word_1_87' title='bbox 1128 1985 1279 2052; x_wconf 85' lang='lat' dir='ltr'><strong>solennia</strong></span> <span class='ocrx_word' id='word_1_88' title='bbox 1302 1991 1336 2050; x_wconf 87' lang='lat' dir='ltr'><strong>et</strong></span> <span class='ocrx_word' id='word_1_89' title='bbox 1350 1988 1429 2051; x_wconf 90' lang='lat' dir='ltr'><strong>sim-</strong></span> 
     </span>
     <span class='ocr_line' id='line_1_17' title="bbox 381 2087 1428 2176; baseline -0.002 -23"><span class='ocrx_word' id='word_1_90' title='bbox 381 2088 481 2176; x_wconf 86' lang='lat' dir='ltr'><strong>plicia</strong></span> <span class='ocrx_word' id='word_1_91' title='bbox 513 2095 650 2175; x_wconf 86' lang='lat' dir='ltr'><strong>recepta</strong></span> <span class='ocrx_word' id='word_1_92' title='bbox 680 2089 744 2154; x_wconf 87' lang='lat' dir='ltr'><strong>fuit</strong></span> <span class='ocrx_word' id='word_1_93' title='bbox 773 2110 824 2154; x_wconf 87' lang='lat' dir='ltr'><strong>ex</strong></span> <span class='ocrx_word' id='word_1_94' title='bbox 857 2089 1025 2166; x_wconf 67' lang='lat' dir='ltr'><strong>menno,</strong></span> <span class='ocrx_word' id='word_1_95' title='bbox 1054 2089 1222 2176; x_wconf 85' lang='lat' dir='ltr'><strong>prioribus</strong></span> <span class='ocrx_word' id='word_1_96' title='bbox 1251 2090 1303 2154; x_wconf 83' lang='lat' dir='ltr'><strong>vis</strong></span> <span class='ocrx_word' id='word_1_97' title='bbox 1325 2087 1428 2154; x_wconf 90' lang='lat' dir='ltr'><strong>indita</strong></span> 
     </span>
     <span class='ocr_line' id='line_1_18' title="bbox 379 2191 1428 2278; baseline 0 -22"><span class='ocrx_word' id='word_1_98' title='bbox 379 2194 588 2259; x_wconf 89' lang='lat' dir='ltr'><strong>matrimonia</strong></span> <span class='ocrx_word' id='word_1_99' title='bbox 609 2191 812 2278; x_wconf 91' lang='lat' dir='ltr'><strong>postliminio</strong></span> <span class='ocrx_word' id='word_1_100' title='bbox 834 2198 1007 2258; x_wconf 84' lang='lat' dir='ltr'><strong>contracta</strong></span> <span class='ocrx_word' id='word_1_101' title='bbox 1029 2191 1243 2275; x_wconf 84' lang='lat' dir='ltr'><strong>dissolvendi,</strong></span> <span class='ocrx_word' id='word_1_102' title='bbox 1263 2199 1343 2258; x_wconf 89' lang='lat' dir='ltr'><strong>tunc</strong></span> <span class='ocrx_word' id='word_1_103' title='bbox 1357 2191 1428 2257; x_wconf 81' lang='lat' dir='ltr'><strong>Ro-</strong></span> 
     </span>
     <span class='ocr_line' id='line_1_19' title="bbox 379 2294 1427 2383; baseline -0.002 -23"><span class='ocrx_word' id='word_1_104' title='bbox 379 2299 468 2361; x_wconf 90' lang='lat' dir='ltr'><strong>mani</strong></span> <span class='ocrx_word' id='word_1_105' title='bbox 496 2297 670 2383; x_wconf 84' lang='lat' dir='ltr'><strong>pontifices</strong></span> <span class='ocrx_word' id='word_1_106' title='bbox 697 2295 797 2381; x_wconf 82' lang='lat' dir='ltr'><strong>juxta</strong></span> <span class='ocrx_word' id='word_1_107' title='bbox 829 2295 916 2360; x_wconf 89' lang='lat' dir='ltr'><strong>hane</strong></span> <span class='ocrx_word' id='word_1_108' title='bbox 952 2301 1150 2362; x_wconf 86' lang='lat' dir='ltr'><strong>votorum</strong></span> <span class='ocrx_word' id='word_1_109' title='bbox 1186 2294 1427 2362; x_wconf 86' lang='lat' dir='ltr'><strong>distinctionem</strong></span> 
     </span>
     <span class='ocr_line' id='line_1_20' title="bbox 377 2399 631 2487; baseline 0.008 -23"><span class='ocrx_word' id='word_1_110' title='bbox 377 2399 631 2487; x_wconf 88' lang='lat' dir='ltr'><strong>responderunt.</strong></span> 
     </span>
    </p>

    <p class='ocr_par' dir='ltr' id='par_1_8' title="bbox 446 2501 792 2570">
     <span class='ocr_line' id='line_1_21' title="bbox 446 2501 792 2570; baseline -0.014 0"><span class='ocrx_word' id='word_1_111' title='bbox 446 2503 494 2570; x_wconf 89' lang='lat' dir='ltr'><strong>X.</strong></span> <span class='ocrx_word' id='word_1_112' title='bbox 515 2501 573 2568; x_wconf 90' lang='lat' dir='ltr'><strong>IV.</strong></span> <span class='ocrx_word' id='word_1_113' title='bbox 597 2505 625 2568; x_wconf 89' lang='grc'><strong>6.</strong></span> <span class='ocrx_word' id='word_1_114' title='bbox 647 2525 674 2567; x_wconf 90' lang='lat' dir='ltr'><strong>c.</strong></span> <span class='ocrx_word' id='word_1_115' title='bbox 697 2502 792 2569; x_wconf 72' lang='lat'><strong>3-7.</strong></span> 
     </span>
    </p>

    <p class='ocr_par' dir='ltr' id='par_1_9' title="bbox 378 2604 1427 2878">
     <span class='ocr_line' id='line_1_22' title="bbox 420 2604 1425 2692; baseline -0.001 -22"><span class='ocrx_word' id='word_1_116' title='bbox 420 2604 478 2670; x_wconf 82' lang='lat' dir='ltr'><strong>Ex</strong></span> <span class='ocrx_word' id='word_1_117' title='bbox 510 2604 684 2692; x_wconf 89' lang='lat' dir='ltr'><strong>disciplina</strong></span> <span class='ocrx_word' id='word_1_118' title='bbox 718 2606 959 2672; x_wconf 86' lang='lat' dir='ltr'><strong>Monacborum</strong></span> <span class='ocrx_word' id='word_1_119' title='bbox 990 2608 1025 2671; x_wconf 92' lang='lat' dir='ltr'><strong>in</strong></span> <span class='ocrx_word' id='word_1_120' title='bbox 1054 2605 1218 2670; x_wconf 90' lang='lat' dir='ltr'><strong>communi</strong></span> <span class='ocrx_word' id='word_1_121' title='bbox 1246 2606 1425 2670; x_wconf 84' lang='lat' dir='ltr'><strong>viventium</strong></span> 
     </span>
     <span class='ocr_line' id='line_1_23' title="bbox 379 2706 1427 2796; baseline -0.001 -24"><span class='ocrx_word' id='word_1_122' title='bbox 379 2713 490 2772; x_wconf 91' lang='lat' dir='ltr'><strong>ortum</strong></span> <span class='ocrx_word' id='word_1_123' title='bbox 505 2715 558 2773; x_wconf 86' lang='lat' dir='ltr'><strong>est</strong></span> <span class='ocrx_word' id='word_1_124' title='bbox 579 2716 692 2773; x_wconf 88' lang='lat' dir='ltr'><strong>votum</strong></span> <span class='ocrx_word' id='word_1_125' title='bbox 711 2708 848 2774; x_wconf 88' lang='lat' dir='ltr'><strong>solenne</strong></span> <span class='ocrx_word' id='word_1_126' title='bbox 865 2710 1148 2796; x_wconf 86' lang='lat' dir='ltr'><strong>paupertatis</strong></span> <span class='ocrx_word' id='word_1_127' title='bbox 1171 2713 1205 2773; x_wconf 90' lang='lat' dir='ltr'><strong>et</strong></span> <span class='ocrx_word' id='word_1_128' title='bbox 1227 2728 1270 2774; x_wconf 86' lang='lat' dir='ltr'><strong>ex</strong></span> <span class='ocrx_word' id='word_1_129' title='bbox 1283 2706 1427 2774; x_wconf 86' lang='lat' dir='ltr'><strong>familia-</strong></span> 
     </span>
     <span class='ocr_line' id='line_1_24' title="bbox 378 2812 1270 2878; baseline 0.004 -4"><span class='ocrx_word' id='word_1_130' title='bbox 378 2831 450 2874; x_wconf 91' lang='lat' dir='ltr'><strong>rum</strong></span> <span class='ocrx_word' id='word_1_131' title='bbox 472 2817 564 2876; x_wconf 89' lang='lat' dir='ltr'><strong>statu</strong></span> <span class='ocrx_word' id='word_1_132' title='bbox 585 2819 700 2876; x_wconf 89' lang='lat' dir='ltr'><strong>votum</strong></span> <span class='ocrx_word' id='word_1_133' title='bbox 722 2812 1009 2878; x_wconf 87' lang='lat' dir='ltr'><strong>obedientiae.</strong></span> <span class='ocrx_word' id='word_1_134' title='bbox 1131 2823 1133 2826; x_wconf 82' lang='grc'><strong>’</strong></span> <span class='ocrx_word' id='word_1_135' title='bbox 1244 2821 1270 2831; x_wconf 88' lang='grc'><strong>”</strong></span> 
     </span>
    </p>

    <p class='ocr_par' dir='ltr' id='par_1_10' title="bbox 291 2911 1425 3105">
     <span class='ocr_line' id='line_1_25' title="bbox 291 2911 1425 3002; baseline 0 -24"><span class='ocrx_word' id='word_1_136' title='bbox 291 2911 457 2978; x_wconf 83' lang='lat' dir='ltr'><strong>Moneobi</strong></span> <span class='ocrx_word' id='word_1_137' title='bbox 478 2913 705 2981; x_wconf 87' lang='lat' dir='ltr'><strong>investitores</strong></span> <span class='ocrx_word' id='word_1_138' title='bbox 719 2915 926 3000; x_wconf 86' lang='lat' dir='ltr'><strong>dicebantur,</strong></span> <span class='ocrx_word' id='word_1_139' title='bbox 949 2919 1027 3002; x_wconf 88' lang='lat' dir='ltr'><strong>quia</strong></span> <span class='ocrx_word' id='word_1_140' title='bbox 1040 2916 1097 3002; x_wconf 84' lang='lat' dir='ltr'><strong>jus</strong></span> <span class='ocrx_word' id='word_1_141' title='bbox 1114 2914 1306 2982; x_wconf 88' lang='lat' dir='ltr'><strong>conferendi</strong></span> <span class='ocrx_word' id='word_1_142' title='bbox 1319 2912 1425 2982; x_wconf 88' lang='lat' dir='ltr'><strong>ecole-</strong></span> 
     </span>
     <span class='ocr_line' id='line_1_26' title="bbox 377 3017 1281 3105; baseline 0.001 -23"><span class='ocrx_word' id='word_1_143' title='bbox 377 3020 446 3082; x_wconf 88' lang='lat' dir='ltr'><strong>sias</strong></span> <span class='ocrx_word' id='word_1_144' title='bbox 467 3037 547 3083; x_wconf 86' lang='lat' dir='ltr'><strong>suas</strong></span> <span class='ocrx_word' id='word_1_145' title='bbox 570 3022 737 3085; x_wconf 86' lang='lat' dir='ltr'><strong>exercent.</strong></span> <span class='ocrx_word' id='word_1_146' title='bbox 759 3017 998 3105; x_wconf 87' lang='lat' dir='ltr'><strong>(incorporatio</strong></span> <span class='ocrx_word' id='word_1_147' title='bbox 1021 3017 1281 3103; x_wconf 79' lang='lat' dir='ltr'><strong>ecelesiarum).&#39;</strong></span> 
     </span>
    </p>

    <p class='ocr_par' dir='ltr' id='par_1_11' title="bbox 446 3119 873 3209">
     <span class='ocr_line' id='line_1_27' title="bbox 446 3119 873 3209; baseline -0.002 -24"><span class='ocrx_word' id='word_1_148' title='bbox 446 3141 472 3185; x_wconf 84' lang='lat' dir='ltr'><strong>o</strong></span> <span class='ocrx_word' id='word_1_149' title='bbox 498 3123 526 3186; x_wconf 92' lang='lat'><strong>1.</strong></span> <span class='ocrx_word' id='word_1_150' title='bbox 550 3119 587 3186; x_wconf 81' lang='lat' dir='ltr'><strong>(i.</strong></span> <span class='ocrx_word' id='word_1_151' title='bbox 610 3121 745 3188; x_wconf 84' lang='lat' dir='ltr'>XXVL</span> <span class='ocrx_word' id='word_1_152' title='bbox 768 3144 821 3209; x_wconf 92' lang='lat' dir='ltr'><strong>qu.</strong></span> <span class='ocrx_word' id='word_1_153' title='bbox 844 3123 873 3186; x_wconf 81' lang='grc'><strong>2.</strong></span> 
     </span>
    </p>

    <p class='ocr_par' dir='ltr' id='par_1_12' title="bbox 291 3223 1425 4115">
     <span class='ocr_line' id='line_1_28' title="bbox 291 3223 1425 3310; baseline -0.001 -21"><span class='ocrx_word' id='word_1_154' title='bbox 291 3223 548 3294; x_wconf 82' lang='lat' dir='ltr'><strong>Monaeborum</strong></span> <span class='ocrx_word' id='word_1_155' title='bbox 572 3223 739 3290; x_wconf 87' lang='lat' dir='ltr'><strong>distinctio</strong></span> <span class='ocrx_word' id='word_1_156' title='bbox 760 3227 794 3290; x_wconf 91' lang='lat' dir='ltr'><strong>in</strong></span> <span class='ocrx_word' id='word_1_157' title='bbox 813 3223 994 3290; x_wconf 85' lang='lat' dir='ltr'><strong>monachos</strong></span> <span class='ocrx_word' id='word_1_158' title='bbox 1017 3227 1172 3310; x_wconf 89' lang='lat' dir='ltr'><strong>proprios</strong></span> <span class='ocrx_word' id='word_1_159' title='bbox 1196 3223 1425 3290; x_wconf 83' lang='lat' dir='ltr'><strong>etiniratres·</strong></span> 
     </span>
     <span class='ocr_line' id='line_1_29' title="bbox 376 3325 1425 3413; baseline -0.003 -21"><span class='ocrx_word' id='word_1_160' title='bbox 376 3327 467 3392; x_wconf 92' lang='lat' dir='ltr'><strong>Inter</strong></span> <span class='ocrx_word' id='word_1_161' title='bbox 487 3326 563 3392; x_wconf 91' lang='lat' dir='ltr'><strong>illos</strong></span> <span class='ocrx_word' id='word_1_162' title='bbox 585 3330 711 3413; x_wconf 90' lang='lat' dir='ltr'><strong>recepti</strong></span> <span class='ocrx_word' id='word_1_163' title='bbox 725 3335 802 3392; x_wconf 90' lang='lat' dir='ltr'><strong>sunt</strong></span> <span class='ocrx_word' id='word_1_164' title='bbox 825 3327 1016 3411; x_wconf 67' lang='lat' dir='ltr'><strong>„Basiliam</strong></span> <span class='ocrx_word' id='word_1_165' title='bbox 1039 3326 1233 3405; x_wconf 74' lang='lat' dir='ltr'><strong>Cassinesi,</strong></span> <span class='ocrx_word' id='word_1_166' title='bbox 1246 3325 1425 3392; x_wconf 83' lang='lat' dir='ltr'><strong>Gamaldo-</strong></span> 
     </span>
     <span class='ocr_line' id='line_1_30' title="bbox 376 3427 1424 3515; baseline -0.002 -21"><span class='ocrx_word' id='word_1_167' title='bbox 376 3428 449 3514; x_wconf 88' lang='lat' dir='ltr'><strong>lesi,</strong></span> <span class='ocrx_word' id='word_1_168' title='bbox 472 3428 763 3514; x_wconf 88' lang='lat' dir='ltr'><strong>Vallombrosiani,</strong></span> <span class='ocrx_word' id='word_1_169' title='bbox 788 3427 1021 3514; x_wconf 73' lang='lat' dir='ltr'><strong>cisterciensi,</strong></span> <span class='ocrx_word' id='word_1_170' title='bbox 1052 3429 1132 3495; x_wconf 85' lang='lat' dir='ltr'><strong>dicti</strong></span> <span class='ocrx_word' id='word_1_171' title='bbox 1153 3429 1244 3496; x_wconf 88' lang='lat' dir='ltr'><strong>della</strong></span> <span class='ocrx_word' id='word_1_172' title='bbox 1263 3437 1363 3515; x_wconf 88' lang='lat' dir='ltr'><strong>trapa</strong></span> <span class='ocrx_word' id='word_1_173' title='bbox 1386 3462 1424 3475; x_wconf 88' lang='lat'>-</span> 
     </span>
     <span class='ocr_line' id='line_1_31' title="bbox 377 3531 1425 3618; baseline -0.007 -16"><span class='ocrx_word' id='word_1_174' title='bbox 377 3533 545 3602; x_wconf 88' lang='lat' dir='ltr'><strong>Olivetani</strong></span> <span class='ocrx_word' id='word_1_175' title='bbox 573 3567 614 3580; x_wconf 90' lang='lat'><strong>--</strong></span> <span class='ocrx_word' id='word_1_176' title='bbox 638 3531 837 3617; x_wconf 81' lang='lat' dir='ltr'><strong>Silvestrini,</strong></span> <span class='ocrx_word' id='word_1_177' title='bbox 861 3532 1073 3618; x_wconf 89' lang='lat' dir='ltr'><strong>Girolemini,</strong></span> <span class='ocrx_word' id='word_1_178' title='bbox 1104 3531 1288 3616; x_wconf 84' lang='lat' dir='ltr'><strong>Certosini,</strong></span> <span class='ocrx_word' id='word_1_179' title='bbox 1317 3531 1425 3598; x_wconf 88' lang='lat' dir='ltr'><strong>Anto·</strong></span> 
     </span>
     <span class='ocr_line' id='line_1_32' title="bbox 377 3635 1424 3722; baseline -0.002 -22"><span class='ocrx_word' id='word_1_180' title='bbox 377 3639 466 3701; x_wconf 89' lang='lat' dir='ltr'><strong>niani</strong></span> <span class='ocrx_word' id='word_1_181' title='bbox 489 3635 618 3718; x_wconf 85' lang='lat' dir='ltr'><strong>Caldei,</strong></span> <span class='ocrx_word' id='word_1_182' title='bbox 639 3636 819 3702; x_wconf 86' lang='lat' dir='ltr'><strong>Antoniani</strong></span> <span class='ocrx_word' id='word_1_183' title='bbox 840 3637 1040 3722; x_wconf 82' lang='lat' dir='ltr'><strong>Maronitas,</strong></span> <span class='ocrx_word' id='word_1_184' title='bbox 1062 3637 1209 3702; x_wconf 87' lang='lat' dir='ltr'><strong>Armeni.</strong></span> <span class='ocrx_word' id='word_1_185' title='bbox 1251 3636 1345 3702; x_wconf 90' lang='lat' dir='ltr'><strong>Inter</strong></span> <span class='ocrx_word' id='word_1_186' title='bbox 1365 3635 1424 3700; x_wconf 91' lang='lat' dir='ltr'><strong>bos</strong></span> 
     </span>
     <span class='ocr_line' id='line_1_33' title="bbox 376 3738 1425 3824; baseline -0.001 -20"><span class='ocrx_word' id='word_1_187' title='bbox 376 3738 496 3824; x_wconf 86' lang='lat' dir='ltr'><strong>(frate)</strong></span> <span class='ocrx_word' id='word_1_188' title='bbox 518 3739 748 3824; x_wconf 81' lang='lat' dir='ltr'><strong>Domenieani,</strong></span> <span class='ocrx_word' id='word_1_189' title='bbox 770 3741 893 3806; x_wconf 88' lang='lat' dir='ltr'><strong>Minori</strong></span> <span class='ocrx_word' id='word_1_190' title='bbox 915 3743 1118 3824; x_wconf 88' lang='lat' dir='ltr'><strong>osserventi,</strong></span> <span class='ocrx_word' id='word_1_191' title='bbox 1140 3741 1323 3824; x_wconf 86' lang='lat' dir='ltr'><strong>riformati,</strong></span> <span class='ocrx_word' id='word_1_192' title='bbox 1347 3759 1425 3804; x_wconf 91' lang='lat' dir='ltr'><strong>con-</strong></span> 
     </span>
     <span class='ocr_line' id='line_1_34' title="bbox 375 3842 1424 3929; baseline 0.001 -23"><span class='ocrx_word' id='word_1_193' title='bbox 375 3842 540 3919; x_wconf 87' lang='lat' dir='ltr'><strong>ventuali,</strong></span> <span class='ocrx_word' id='word_1_194' title='bbox 564 3845 756 3929; x_wconf 84' lang='lat' dir='ltr'><strong>cappunini,</strong></span> <span class='ocrx_word' id='word_1_195' title='bbox 785 3847 878 3908; x_wconf 83' lang='lat' dir='ltr'><strong>terno</strong></span> <span class='ocrx_word' id='word_1_196' title='bbox 909 3843 1026 3910; x_wconf 86' lang='lat' dir='ltr'><strong>ordine</strong></span> <span class='ocrx_word' id='word_1_197' title='bbox 1054 3843 1088 3908; x_wconf 92' lang='lat' dir='ltr'><strong>di</strong></span> <span class='ocrx_word' id='word_1_198' title='bbox 1110 3842 1145 3910; x_wconf 79' lang='lat' dir='ltr'><strong>S.</strong></span> <span class='ocrx_word' id='word_1_199' title='bbox 1170 3843 1363 3908; x_wconf 85' lang='lat' dir='ltr'><strong>Fraucesoo</strong></span> <span class='ocrx_word' id='word_1_200' title='bbox 1384 3873 1424 3888; x_wconf 90' lang='lat'>-</span> 
     </span>
     <span class='ocr_line' id='line_1_35' title="bbox 376 3943 1424 4031; baseline 0 -22"><span class='ocrx_word' id='word_1_201' title='bbox 376 3944 555 4031; x_wconf 85' lang='lat' dir='ltr'><strong>Agoetieni</strong></span> <span class='ocrx_word' id='word_1_202' title='bbox 576 3943 717 4030; x_wconf 75' lang='lat' dir='ltr'><strong>(scaeui)</strong></span> <span class='ocrx_word' id='word_1_203' title='bbox 748 3944 962 4012; x_wconf 85' lang='lat' dir='ltr'><strong>Carmelitani</strong></span> <span class='ocrx_word' id='word_1_204' title='bbox 990 3982 1031 3993; x_wconf 93' lang='lat'>—</span> <span class='ocrx_word' id='word_1_205' title='bbox 1062 3949 1153 4012; x_wconf 87' lang='lat' dir='ltr'><strong>servi</strong></span> <span class='ocrx_word' id='word_1_206' title='bbox 1184 3945 1218 4010; x_wconf 93' lang='lat' dir='ltr'><strong>di</strong></span> <span class='ocrx_word' id='word_1_207' title='bbox 1247 3947 1357 4012; x_wconf 86' lang='lat' dir='ltr'><strong>Maria</strong></span> <span class='ocrx_word' id='word_1_208' title='bbox 1386 3979 1424 3992; x_wconf 93' lang='lat'><strong>·-</strong></span> 
     </span>
     <span class='ocr_line' id='line_1_36' title="bbox 378 4047 844 4115; baseline 0.009 -4"><span class='ocrx_word' id='word_1_209' title='bbox 378 4047 538 4112; x_wconf 82' lang='lat' dir='ltr'><strong>Trinitari</strong></span> <span class='ocrx_word' id='word_1_210' title='bbox 561 4085 601 4095; x_wconf 93' lang='lat'><strong>—</strong></span> <span class='ocrx_word' id='word_1_211' title='bbox 623 4048 780 4115; x_wconf 61' lang='lat' dir='ltr'><strong>Mimmit</strong></span> <span class='ocrx_word' id='word_1_212' title='bbox 802 4082 844 4096; x_wconf 88' lang='lat'><strong>-·</strong></span> 
     </span>
    </p>

    <p class='ocr_par' dir='ltr' id='par_1_13' title="bbox 418 4149 1138 4237">
     <span class='ocr_line' id='line_1_37' title="bbox 418 4149 1138 4237; baseline 0.008 -23"><span class='ocrx_word' id='word_1_213' title='bbox 418 4149 550 4216; x_wconf 82' lang='lat' dir='ltr'><strong>Notizie</strong></span> <span class='ocrx_word' id='word_1_214' title='bbox 570 4171 632 4237; x_wconf 88' lang='lat' dir='ltr'><strong>per</strong></span> <span class='ocrx_word' id='word_1_215' title='bbox 653 4149 762 4218; x_wconf 83' lang='lat' dir='ltr'><strong>l&#39;anno</strong></span> <span class='ocrx_word' id='word_1_216' title='bbox 786 4153 879 4219; x_wconf 82' lang='lat'>1859.</span> <span class='ocrx_word' id='word_1_217' title='bbox 903 4154 996 4220; x_wconf 74' lang='lat'>1860.&#39;</span> <span class='ocrx_word' id='word_1_218' title='bbox 1019 4154 1138 4220; x_wconf 82' lang='lat' dir='ltr'><strong>Roma.</strong></span> 
     </span>
    </p>

    <p class='ocr_par' dir='ltr' id='par_1_14' title="bbox 418 4251 1421 4343">
     <span class='ocr_line' id='line_1_38' title="bbox 418 4251 1421 4343; baseline 0.004 -25"><span class='ocrx_word' id='word_1_219' title='bbox 418 4251 459 4319; x_wconf 88' lang='lat' dir='ltr'><strong>V.</strong></span> <span class='ocrx_word' id='word_1_220' title='bbox 482 4253 602 4319; x_wconf 90' lang='lat' dir='ltr'><strong>librum</strong></span> <span class='ocrx_word' id='word_1_221' title='bbox 632 4254 882 4321; x_wconf 83' lang='lat' dir='ltr'><strong>celeberrimum</strong></span> <span class='ocrx_word' id='word_1_222' title='bbox 911 4257 953 4323; x_wconf 90' lang='lat' dir='ltr'><strong>de</strong></span> <span class='ocrx_word' id='word_1_223' title='bbox 978 4257 1056 4343; x_wconf 83' lang='lat' dir='ltr'><strong>jure</strong></span> <span class='ocrx_word' id='word_1_224' title='bbox 1085 4256 1308 4343; x_wconf 85' lang='lat' dir='ltr'><strong>Regularium</strong></span> <span class='ocrx_word' id='word_1_225' title='bbox 1327 4254 1421 4322; x_wconf 88' lang='lat' dir='ltr'><strong>Auct</strong></span> 
     </span>
    </p>
   </div>
   <div class='ocr_carea' id='block_1_3' title="bbox 377 4358 761 4427">
    <p class='ocr_par' dir='ltr' id='par_1_15' title="bbox 377 4358 761 4460">
     <span class='ocr_line' id='line_1_39' title="bbox 377 4358 761 4427; baseline 0 -3"><span class='ocrx_word' id='word_1_226' title='bbox 377 4361 489 4426; x_wconf 63' lang='lat' dir='ltr'><strong>Boaris.</strong></span> <span class='ocrx_word' id='word_1_227' title='bbox 532 4358 630 4425; x_wconf 88' lang='lat' dir='ltr'><strong>Paris</strong></span> <span class='ocrx_word' id='word_1_228' title='bbox 655 4359 761 4427; x_wconf 66' lang='lat'>1857:</span> 
     </span>
    </p>
   </div>
   <div class='ocr_carea' id='block_1_4' title="bbox 0 0 1544 5143">
    <p class='ocr_par' dir='ltr' id='par_1_16' title="bbox 0 0 1544 5143">
     <span class='ocr_line' id='line_1_40' title="bbox 0 0 1544 5143; baseline 0 0"><span class='ocrx_word' id='word_1_229' title='bbox 0 0 1544 5143; x_wconf 95' lang='lat' dir='ltr'><strong> </strong></span> 
     </span>
    </p>
   </div>
  </div>
 </body>
</html>
