3088 5140
748 361 987 430 -196-

386 530 491 620 Cujus
512 533 685 602 historiam
712 537 742 602 si
774 543 983 624 spectamus,
1013 541 1083 602 tres
1119 529 1249 620 periodi
1280 529 1446 619 distingui

301 645 468 725 poterunt

387 740 421 826 1)
443 743 550 829 prima
572 743 650 810 inde
671 742 715 810 ab
738 763 824 809 anuo
847 740 1019 810 millesimo
1041 742 1276 810 trecentesimo
1299 749 1446 830 octoge-

300 847 383 912 simo
416 853 515 913 sexto
543 866 651 932 usque
682 847 727 912 ad
756 865 877 912 annum
903 843 1111 913 millesimum
1140 845 1446 930 quingentesimum

300 949 609 1034 quinquagesimum
632 958 787 1016 cetarum
806 983 847 998 -
871 970 937 1036 quo
961 968 1047 1014 auno
1070 946 1153 1016 Otto
1174 946 1343 1014 Henricus
1355 946 1446 1012 Uni·

299 1053 503 1132 versitatem,
527 1072 616 1138 quae
636 1073 743 1139 usque
765 1052 810 1118 ad
831 1053 895 1119 hoc
916 1059 1047 1138 tempus
1068 1049 1168 1118 medii
1190 1052 1265 1117 aevi
1286 1051 1445 1116 instituta

300 1175 384 1241 pure
402 1155 618 1241 sequebatur,
640 1157 845 1223 reformavit

385 1257 421 1342 2)
443 1256 563 1324 Altera
584 1258 741 1345 periodus
756 1278 864 1345 usque
886 1257 930 1324 ad
953 1277 1073 1336 annum
1085 1255 1296 1322 millesimum
1310 1258 1446 1342 septin-

299 1362 519 1446 gentesimum
542 1363 707 1447 quintum:
730 1360 781 1426 his
797 1360 1003 1448 temporibus
1020 1380 1135 1426 omnes
1151 1360 1224 1426 fere
1241 1354 1444 1444 disciplinae

299 1464 480 1530 secuudum
517 1465 774 1530 reformatorum
811 1463 997 1530 doctrinam
1029 1463 1234 1530 reformatae
1262 1470 1353 1528 sunt
1403 1461 1445 1526 In

294 1567 569 1654 jurisprudentia,
594 1588 681 1654 quae
703 1575 804 1634 antea
825 1568 908 1634 duos
931 1567 1095 1634 habuerat
1116 1565 1298 1633 facultates
1313 1573 1350 1632 et
1365 1567 1445 1650 qui-

299 1670 374 1756 dem
397 1673 598 1755 rectissime,
633 1673 712 1756 quie
740 1671 841 1757 plane
870 1671 936 1737 alia
958 1679 1011 1738 est
1032 1673 1120 1736 ratio
1145 1671 1231 1756 juris
1262 1667 1444 1751 ecelesiae,

299 1795 398 1859 quam
409 1793 518 1840 rerum
529 1773 739 1860 publicarum
751 1782 786 1840 et
796 1774 1014 1840 saecularium
1027 1774 1232 1853 constitutio,
1256 1771 1300 1838 ab
1313 1769 1445 1838 Ottone

296 1875 444 1943 Henrico
464 1877 650 1943 institutum
665 1885 727 1960 est,
750 1885 787 1943 ut
808 1899 874 1942 une
890 1885 1021 1942 tantum
1033 1883 1219 1944 remaneret
1239 1874 1444 1960 legistarum

296 1979 453 2062 facultas,
477 1977 592 2045 addito
614 2001 680 2046 uno
704 1980 842 2048 duetore
871 1980 1088 2046 decretalium
1117 1981 1215 2064 quasi
1242 1977 1444 2063 professore

297 2085 379 2148 artis
397 2080 596 2168 judiciariae
623 2082 726 2169 idque
754 2084 843 2150 idem
872 2086 1038 2150 invenitur
1065 2085 1101 2148 in
1129 2083 1264 2148 statutis
1294 2079 1443 2146 loannis

298 2183 452 2250 Oasimiri
480 2193 583 2272 atque
614 2183 729 2252 Caroli
758 2185 931 2253 Ludovici
974 2187 1048 2252 Nec
1076 2184 1178 2252 ullum
1208 2181 1345 2270 quidem
1377 2181 1444 2248 hoc

296 2295 447 2374 tempore
458 2291 639 2374 vestigium
653 2292 818 2375 reperitur
828 2291 915 2376 juris
925 2289 1143 2356 ecclesiastici
1153 2287 1442 2354 Protestautium:

297 2389 383 2458 adeo
404 2393 576 2458 interierat
599 2395 704 2458 omnis
726 2395 823 2478 vigor
841 2393 927 2478 juris
950 2385 1161 2475 Canoni'ei*)

381 2491 419 2578 3)
442 2494 558 2561 Tertia
579 2495 737 2581 periodus
759 2515 867 2581 usque
889 2494 934 2560 ad
959 2501 1111 2561 nostram
1140 2500 1294 2560 aetatem.
1341 2488 1441 2556 Juris

297 2596 457 2662 Canonici
479 2595 591 2664 studia
612 2605 772 2664 revocata
795 2596 929 2684 quidem
941 2605 1028 2684 sunt,
1050 2595 1113 2664 sed
1134 2592 1443 2662 nonreltabilitata

295 2700 348 2764 Ac
369 2705 443 2766 tota
464 2701 582 2765 horum
600 2698 785 2766 studiorum
799 2703 886 2768 ratio
900 2707 1102 2768 commutata
1116 2705 1170 2765 est
1190 2696 1267 2764 inde
1288 2696 1330 2762 eb
1346 2716 1441 2760 anno

295 2801 467 2868 millesimo
490 2806 762 2890 octingentesimo
777 2806 889 2888 tertio,
911 2825 977 2889 quo
998 2800 1141 2870 Carolus
1155 2799 1348 2866 Friderious
1362 2800 1443 2884 ipse

294 2905 554 2976 Univereitatem
576 2909 732 2990 restituit,
757 2926 904 2974 aenove
924 2908 1028 2993 ipsius
1049 2909 1178 2972 statuta
1201 2901 1313 2970 edidit

667 3162 815 3259 Primo
845 3161 1054 3288 periodus
1121 3291 1128 3300 .

396 3355 431 3420 in
454 3375 520 3442 qua
543 3357 681 3442 antiqua
703 3353 888 3422 studiorum
909 3355 1018 3420 forma
1036 3357 1232 3418 conservata
1254 3349 1326 3416 fuit.

376 3545 473 3612 Haec
495 3547 704 3631 potissimum
726 3543 821 3611 nobie
845 3551 922 3610 suut
942 3539 1170 3629 respicienda:

378 3645 414 3732 a)
437 3646 593 3715 doctores
615 3647 670 3713 vel
692 3649 845 3732 magistri
868 3653 902 3712 et
924 3647 1011 3710 ratio
1034 3641 1228 3726 studiorum,

377 3749 415 3832 b)
438 3750 609 3816 scholares
631 3757 665 3817 et
686 3751 922 3837 promotiones,

379 3851 409 3933 c)
431 3855 578 3938 regimen
600 3853 847 3935 Universitatis,

291 4027 498 4042 m-

360 4111 388 4180 *)
407 4115 564 4167 Hausser
582 4117 610 4166 in
627 4130 709 4182 opere
724 4115 852 4166 historiae
870 4112 1010 4164 Palatinae
1026 4111 1079 4163 vol
1097 4109 1132 4164 11.
1150 4125 1175 4178 p.
1195 4108 1253 4162 203.
1278 4107 1312 4164 de
1330 4109 1389 4164 hac
1408 4124 1440 4162 re

291 4203 357 4253 haec
376 4202 527 4266 eloquitur:
544 4203 607 4268 „tur
624 4199 822 4267 Jurisprudens
840 4213 898 4252 war
917 4199 985 4252 eben
1002 4212 1032 4249 eo
1050 4196 1178 4250 reiohliolr
1199 4199 1326 4264 gesorgt,
1352 4209 1440 4248 wenn

289 4299 354 4338 man⁴
369 4285 417 4338 dae
443 4303 477 4338 an
494 4289 741 4352 protestantisohen
756 4286 961 4340 Universittteu
974 4283 1076 4338 damals
1095 4289 1180 4336 etwas
1195 4281 1440 4350 vernaculasetgte

289 4372 488 4424 Kircheurecht
506 4373 553 4425 der
570 4374 738 4426 Katholiken
755 4366 924 4426 aueuimmt.“
