<?xml version="1.0" encoding="UTF-8"?>
<!DOCTYPE html PUBLIC "-//W3C//DTD XHTML 1.0 Transitional//EN"
    "http://www.w3.org/TR/xhtml1/DTD/xhtml1-transitional.dtd">
<html xmlns="http://www.w3.org/1999/xhtml" xml:lang="en" lang="en">
 <head>
  <title>
</title>
<meta http-equiv="Content-Type" content="text/html;charset=utf-8" />
  <meta name='ocr-system' content='tesseract 3.04.00' />
  <meta name='ocr-capabilities' content='ocr_page ocr_carea ocr_par ocr_line ocrx_word'/>
</head>
<body>
  <div class='ocr_page' id='page_1' title='image "./manualelatinita00rossgoog_0060.png"; bbox 0 0 3108 5138; ppageno 0'>
   <div class='ocr_carea' id='block_1_1' title="bbox 606 346 820 410">
    <p class='ocr_par' dir='ltr' id='par_1_1' title="bbox 606 346 820 410">
     <span class='ocr_line' id='line_1_1' title="bbox 606 346 820 410; baseline -0.009 -14"><span class='ocrx_word' id='word_1_1' title='bbox 606 346 820 410; x_wconf 77' lang='grc'>...37...</span> 
     </span>
    </p>
   </div>
   <div class='ocr_carea' id='block_1_2' title="bbox 130 521 1282 4318">
    <p class='ocr_par' dir='ltr' id='par_1_2' title="bbox 228 521 1282 812">
     <span class='ocr_line' id='line_1_2' title="bbox 228 521 1282 608; baseline 0.003 -26"><span class='ocrx_word' id='word_1_2' title='bbox 228 525 359 584; x_wconf 87' lang='lat' dir='ltr'><strong>textum</strong></span> <span class='ocrx_word' id='word_1_3' title='bbox 381 521 415 583; x_wconf 83' lang='lat' dir='ltr'><strong>F.</strong></span> <span class='ocrx_word' id='word_1_4' title='bbox 438 525 473 583; x_wconf 92' lang='lat' dir='ltr'><strong>P.</strong></span> <span class='ocrx_word' id='word_1_5' title='bbox 491 523 654 598; x_wconf 80' lang='lat' dir='ltr'><strong>Dutripoa,</strong></span> <span class='ocrx_word' id='word_1_6' title='bbox 679 541 752 585; x_wconf 90' lang='lat' dir='ltr'><strong>cum</strong></span> <span class='ocrx_word' id='word_1_7' title='bbox 773 523 860 586; x_wconf 90' lang='lat' dir='ltr'><strong>notis</strong></span> <span class='ocrx_word' id='word_1_8' title='bbox 872 521 1051 605; x_wconf 90' lang='lat' dir='ltr'><strong>historicis,</strong></span> <span class='ocrx_word' id='word_1_9' title='bbox 1076 522 1282 608; x_wconf 87' lang='lat' dir='ltr'><strong>geographi-</strong></span> 
     </span>
     <span class='ocr_line' id='line_1_3' title="bbox 228 623 1282 712; baseline 0.005 -27"><span class='ocrx_word' id='word_1_10' title='bbox 228 625 288 706; x_wconf 77' lang='lat' dir='ltr'><strong>ciS,</strong></span> <span class='ocrx_word' id='word_1_11' title='bbox 312 623 493 705; x_wconf 79' lang='lat' dir='ltr'>chronicis,</span> <span class='ocrx_word' id='word_1_12' title='bbox 524 631 627 710; x_wconf 91' lang='lat' dir='ltr'><strong>atque</strong></span> <span class='ocrx_word' id='word_1_13' title='bbox 648 627 784 710; x_wconf 82' lang='lat' dir='ltr'><strong>insuper</strong></span> <span class='ocrx_word' id='word_1_14' title='bbox 807 624 851 687; x_wconf 89' lang='lat' dir='ltr'><strong>ad</strong></span> <span class='ocrx_word' id='word_1_15' title='bbox 874 645 970 688; x_wconf 90' lang='lat' dir='ltr'><strong>omne</strong></span> <span class='ocrx_word' id='word_1_16' title='bbox 998 633 1113 690; x_wconf 90' lang='lat' dir='ltr'><strong>votum</strong></span> <span class='ocrx_word' id='word_1_17' title='bbox 1140 625 1282 712; x_wconf 91' lang='lat' dir='ltr'><strong>implen-</strong></span> 
     </span>
     <span class='ocr_line' id='line_1_4' title="bbox 230 726 1115 812; baseline 0.003 -24"><span class='ocrx_word' id='word_1_18' title='bbox 230 726 307 790; x_wconf 90' lang='lat' dir='ltr'><strong>dum</strong></span> <span class='ocrx_word' id='word_1_19' title='bbox 330 726 480 812; x_wconf 84' lang='lat' dir='ltr'><strong>plurimis</strong></span> <span class='ocrx_word' id='word_1_20' title='bbox 504 727 676 792; x_wconf 89' lang='lat' dir='ltr'><strong>versiculis</strong></span> <span class='ocrx_word' id='word_1_21' title='bbox 701 735 829 794; x_wconf 86' lang='lat' dir='ltr'><strong>auctae.</strong></span> <span class='ocrx_word' id='word_1_22' title='bbox 875 728 998 794; x_wconf 88' lang='lat' dir='ltr'><strong>Preti</strong></span> <span class='ocrx_word' id='word_1_23' title='bbox 1022 729 1115 794; x_wconf 88' lang='lat'>1861.</span> 
     </span>
    </p>

    <p class='ocr_par' dir='ltr' id='par_1_3' title="bbox 130 827 1280 1634">
     <span class='ocr_line' id='line_1_5' title="bbox 130 827 1280 916; baseline 0.003 -24"><span class='ocrx_word' id='word_1_24' title='bbox 130 829 379 894; x_wconf 82' lang='lat' dir='ltr'><strong>Concordnta.</strong></span> <span class='ocrx_word' id='word_1_25' title='bbox 403 827 658 896; x_wconf 87' lang='lat' dir='ltr'><strong>Conventiones.</strong></span> <span class='ocrx_word' id='word_1_26' title='bbox 682 830 809 916; x_wconf 84' lang='lat' dir='ltr'><strong>Vigens</strong></span> <span class='ocrx_word' id='word_1_27' title='bbox 833 829 995 896; x_wconf 88' lang='lat' dir='ltr'><strong>ecclesiae</strong></span> <span class='ocrx_word' id='word_1_28' title='bbox 1012 829 1194 915; x_wconf 83' lang='lat' dir='ltr'><strong>disciplina.</strong></span> <span class='ocrx_word' id='word_1_29' title='bbox 1217 829 1280 896; x_wconf 89' lang='lat' dir='ltr'><strong>Jus</strong></span> 
     </span>
     <span class='ocr_line' id='line_1_6' title="bbox 228 935 1280 1018; baseline 0.002 -21"><span class='ocrx_word' id='word_1_30' title='bbox 228 935 421 997; x_wconf 87' lang='lat' dir='ltr'><strong>canonicum</strong></span> <span class='ocrx_word' id='word_1_31' title='bbox 444 941 513 998; x_wconf 91' lang='lat' dir='ltr'><strong>tam</strong></span> <span class='ocrx_word' id='word_1_32' title='bbox 535 941 643 1016; x_wconf 90' lang='lat' dir='ltr'><strong>vetus,</strong></span> <span class='ocrx_word' id='word_1_33' title='bbox 668 955 768 1018; x_wconf 90' lang='lat' dir='ltr'><strong>quam</strong></span> <span class='ocrx_word' id='word_1_34' title='bbox 791 954 913 998; x_wconf 85' lang='lat' dir='ltr'><strong>novum</strong></span> <span class='ocrx_word' id='word_1_35' title='bbox 937 940 970 998; x_wconf 90' lang='lat' dir='ltr'><strong>et</strong></span> <span class='ocrx_word' id='word_1_36' title='bbox 985 935 1199 998; x_wconf 88' lang='lat' dir='ltr'><strong>novissimum</strong></span> <span class='ocrx_word' id='word_1_37' title='bbox 1218 942 1280 1000; x_wconf 85' lang='lat' dir='ltr'><strong>est.</strong></span> 
     </span>
     <span class='ocr_line' id='line_1_7' title="bbox 226 1035 1279 1115; baseline 0.001 -15"><span class='ocrx_word' id='word_1_38' title='bbox 226 1035 333 1100; x_wconf 91' lang='lat' dir='ltr'><strong>Vetus</strong></span> <span class='ocrx_word' id='word_1_39' title='bbox 353 1035 407 1100; x_wconf 88' lang='lat' dir='ltr'><strong>vel</strong></span> <span class='ocrx_word' id='word_1_40' title='bbox 428 1038 462 1100; x_wconf 91' lang='lat' dir='ltr'><strong>in</strong></span> <span class='ocrx_word' id='word_1_41' title='bbox 484 1035 632 1102; x_wconf 91' lang='lat' dir='ltr'><strong>Decreto</strong></span> <span class='ocrx_word' id='word_1_42' title='bbox 655 1036 709 1100; x_wconf 91' lang='lat' dir='ltr'><strong>vel</strong></span> <span class='ocrx_word' id='word_1_43' title='bbox 730 1038 765 1100; x_wconf 91' lang='lat' dir='ltr'><strong>in</strong></span> <span class='ocrx_word' id='word_1_44' title='bbox 786 1035 1022 1102; x_wconf 88' lang='lat' dir='ltr'><strong>Decretalibus</strong></span> <span class='ocrx_word' id='word_1_45' title='bbox 1057 1037 1194 1115; x_wconf 64' lang='lat' dir='ltr'><strong>oraora</strong></span> <span class='ocrx_word' id='word_1_46' title='bbox 1215 1035 1279 1101; x_wconf 88' lang='lat' dir='ltr'><strong>IX.</strong></span> 
     </span>
     <span class='ocr_line' id='line_1_8' title="bbox 227 1138 1279 1225; baseline -0.002 -20"><span class='ocrx_word' id='word_1_47' title='bbox 227 1141 454 1223; x_wconf 89' lang='lat' dir='ltr'><strong>conscriptum</strong></span> <span class='ocrx_word' id='word_1_48' title='bbox 483 1140 667 1225; x_wconf 76' lang='lat' dir='ltr'><strong>reperitur3</strong></span> <span class='ocrx_word' id='word_1_49' title='bbox 700 1160 822 1204; x_wconf 89' lang='lat' dir='ltr'><strong>novum</strong></span> <span class='ocrx_word' id='word_1_50' title='bbox 852 1141 957 1204; x_wconf 89' lang='lat' dir='ltr'><strong>oritur</strong></span> <span class='ocrx_word' id='word_1_51' title='bbox 987 1160 1031 1204; x_wconf 88' lang='lat' dir='ltr'><strong>ex</strong></span> <span class='ocrx_word' id='word_1_52' title='bbox 1060 1138 1146 1203; x_wconf 90' lang='lat' dir='ltr'><strong>libro</strong></span> <span class='ocrx_word' id='word_1_53' title='bbox 1170 1147 1279 1220; x_wconf 89' lang='lat' dir='ltr'><strong>sexto,</strong></span> 
     </span>
     <span class='ocr_line' id='line_1_9' title="bbox 229 1239 1280 1326; baseline -0.002 -19"><span class='ocrx_word' id='word_1_54' title='bbox 229 1240 444 1307; x_wconf 84' lang='lat' dir='ltr'><strong>Clementinis</strong></span> <span class='ocrx_word' id='word_1_55' title='bbox 461 1249 495 1306; x_wconf 87' lang='lat' dir='ltr'><strong>et</strong></span> <span class='ocrx_word' id='word_1_56' title='bbox 516 1239 848 1326; x_wconf 82' lang='lat' dir='ltr'><strong>Extravagantibus3</strong></span> <span class='ocrx_word' id='word_1_57' title='bbox 872 1244 1087 1306; x_wconf 88' lang='lat' dir='ltr'><strong>novissimum</strong></span> <span class='ocrx_word' id='word_1_58' title='bbox 1110 1263 1155 1306; x_wconf 87' lang='lat' dir='ltr'><strong>ex</strong></span> <span class='ocrx_word' id='word_1_59' title='bbox 1176 1262 1280 1326; x_wconf 86' lang='lat' dir='ltr'><strong>regu-</strong></span> 
     </span>
     <span class='ocr_line' id='line_1_10' title="bbox 226 1341 1280 1410; baseline -0.002 0"><span class='ocrx_word' id='word_1_60' title='bbox 226 1345 267 1410; x_wconf 83' lang='lat' dir='ltr'><strong>lis</strong></span> <span class='ocrx_word' id='word_1_61' title='bbox 289 1342 585 1408; x_wconf 88' lang='lat' dir='ltr'><strong>Cancellariaevel</strong></span> <span class='ocrx_word' id='word_1_62' title='bbox 601 1342 885 1410; x_wconf 84' lang='lat' dir='ltr'><strong>Conventionibus</strong></span> <span class='ocrx_word' id='word_1_63' title='bbox 900 1347 986 1408; x_wconf 89' lang='lat' dir='ltr'><strong>inter</strong></span> <span class='ocrx_word' id='word_1_64' title='bbox 1009 1345 1047 1408; x_wconf 93' lang='lat' dir='ltr'><strong>P.</strong></span> <span class='ocrx_word' id='word_1_65' title='bbox 1065 1341 1098 1408; x_wconf 79' lang='lat' dir='ltr'><strong>S.</strong></span> <span class='ocrx_word' id='word_1_66' title='bbox 1115 1353 1148 1408; x_wconf 91' lang='lat' dir='ltr'><strong>et</strong></span> <span class='ocrx_word' id='word_1_67' title='bbox 1169 1347 1280 1409; x_wconf 90' lang='lat' dir='ltr'><strong>natio-</strong></span> 
     </span>
     <span class='ocr_line' id='line_1_11' title="bbox 225 1445 1279 1534; baseline 0 -22"><span class='ocrx_word' id='word_1_68' title='bbox 225 1469 285 1512; x_wconf 89' lang='lat' dir='ltr'><strong>nes</strong></span> <span class='ocrx_word' id='word_1_69' title='bbox 308 1447 467 1531; x_wconf 84' lang='lat' dir='ltr'><strong>singulas.</strong></span> <span class='ocrx_word' id='word_1_70' title='bbox 490 1445 734 1512; x_wconf 85' lang='lat' dir='ltr'><strong>Conventiones</strong></span> <span class='ocrx_word' id='word_1_71' title='bbox 756 1450 842 1512; x_wconf 90' lang='lat' dir='ltr'><strong>inter</strong></span> <span class='ocrx_word' id='word_1_72' title='bbox 858 1447 1047 1534; x_wconf 83' lang='lat' dir='ltr'><strong>Episcopos</strong></span> <span class='ocrx_word' id='word_1_73' title='bbox 1071 1454 1105 1510; x_wconf 90' lang='lat' dir='ltr'><strong>et</strong></span> <span class='ocrx_word' id='word_1_74' title='bbox 1116 1447 1279 1512; x_wconf 88' lang='lat' dir='ltr'><strong>Nationes</strong></span> 
     </span>
     <span class='ocr_line' id='line_1_12' title="bbox 225 1549 1279 1634; baseline 0.002 -21"><span class='ocrx_word' id='word_1_75' title='bbox 225 1549 315 1613; x_wconf 91' lang='lat' dir='ltr'><strong>nullo</strong></span> <span class='ocrx_word' id='word_1_76' title='bbox 338 1549 437 1614; x_wconf 91' lang='lat' dir='ltr'><strong>modo</strong></span> <span class='ocrx_word' id='word_1_77' title='bbox 460 1557 538 1614; x_wconf 90' lang='lat' dir='ltr'><strong>sunt</strong></span> <span class='ocrx_word' id='word_1_78' title='bbox 559 1550 670 1614; x_wconf 84' lang='lat' dir='ltr'><strong>fontes</strong></span> <span class='ocrx_word' id='word_1_79' title='bbox 690 1551 774 1634; x_wconf 86' lang='lat' dir='ltr'><strong>juris</strong></span> <span class='ocrx_word' id='word_1_80' title='bbox 793 1550 1013 1618; x_wconf 85' lang='lat' dir='ltr'><strong>ecclesiastici</strong></span> <span class='ocrx_word' id='word_1_81' title='bbox 1036 1554 1279 1618; x_wconf 90' lang='lat' dir='ltr'><strong>communis.</strong></span> 
     </span>
    </p>

    <p class='ocr_par' dir='ltr' id='par_1_4' title="bbox 226 1652 1280 2336">
     <span class='ocr_line' id='line_1_13' title="bbox 261 1652 1280 1738; baseline 0 -21"><span class='ocrx_word' id='word_1_82' title='bbox 261 1653 343 1718; x_wconf 91' lang='lat' dir='ltr'><strong>Inde</strong></span> <span class='ocrx_word' id='word_1_83' title='bbox 367 1653 538 1719; x_wconf 86' lang='lat' dir='ltr'><strong>derivatur</strong></span> <span class='ocrx_word' id='word_1_84' title='bbox 549 1655 666 1738; x_wconf 89' lang='lat' dir='ltr'><strong>vigens</strong></span> <span class='ocrx_word' id='word_1_85' title='bbox 690 1652 852 1720; x_wconf 86' lang='lat' dir='ltr'><strong>ecclesiae</strong></span> <span class='ocrx_word' id='word_1_86' title='bbox 876 1652 1062 1738; x_wconf 80' lang='lat' dir='ltr'><strong>disciplina,</strong></span> <span class='ocrx_word' id='word_1_87' title='bbox 1077 1653 1138 1718; x_wconf 90' lang='lat' dir='ltr'><strong>sed</strong></span> <span class='ocrx_word' id='word_1_88' title='bbox 1161 1652 1280 1718; x_wconf 88' lang='lat' dir='ltr'><strong>dolen-</strong></span> 
     </span>
     <span class='ocr_line' id='line_1_14' title="bbox 226 1755 1279 1822; baseline 0 -2"><span class='ocrx_word' id='word_1_89' title='bbox 226 1757 303 1820; x_wconf 92' lang='lat' dir='ltr'><strong>dum</strong></span> <span class='ocrx_word' id='word_1_90' title='bbox 326 1763 377 1820; x_wconf 91' lang='lat' dir='ltr'><strong>est</strong></span> <span class='ocrx_word' id='word_1_91' title='bbox 400 1758 500 1819; x_wconf 89' lang='lat' dir='ltr'><strong>etiam</strong></span> <span class='ocrx_word' id='word_1_92' title='bbox 522 1755 586 1819; x_wconf 90' lang='lat' dir='ltr'><strong>hac</strong></span> <span class='ocrx_word' id='word_1_93' title='bbox 610 1759 644 1818; x_wconf 92' lang='lat' dir='ltr'><strong>iu</strong></span> <span class='ocrx_word' id='word_1_94' title='bbox 666 1777 703 1819; x_wconf 89' lang='lat' dir='ltr'><strong>re</strong></span> <span class='ocrx_word' id='word_1_95' title='bbox 719 1755 894 1821; x_wconf 88' lang='lat' dir='ltr'><strong>nonnullas</strong></span> <span class='ocrx_word' id='word_1_96' title='bbox 911 1757 1058 1820; x_wconf 80' lang='lat' dir='ltr'><strong>existere</strong></span> <span class='ocrx_word' id='word_1_97' title='bbox 1081 1764 1279 1822; x_wconf 87' lang='lat' dir='ltr'><strong>coutrover-</strong></span> 
     </span>
     <span class='ocr_line' id='line_1_15' title="bbox 230 1857 1278 1944; baseline 0 -20"><span class='ocrx_word' id='word_1_98' title='bbox 230 1861 297 1924; x_wconf 89' lang='lat' dir='ltr'><strong>sias</strong></span> <span class='ocrx_word' id='word_1_99' title='bbox 322 1857 481 1934; x_wconf 86' lang='lat' dir='ltr'><strong>Sanctam</strong></span> <span class='ocrx_word' id='word_1_100' title='bbox 503 1858 620 1922; x_wconf 91' lang='lat' dir='ltr'><strong>sedem</strong></span> <span class='ocrx_word' id='word_1_101' title='bbox 642 1861 728 1922; x_wconf 91' lang='lat' dir='ltr'><strong>inter</strong></span> <span class='ocrx_word' id='word_1_102' title='bbox 758 1865 791 1924; x_wconf 90' lang='lat' dir='ltr'><strong>et</strong></span> <span class='ocrx_word' id='word_1_103' title='bbox 820 1859 1017 1944; x_wconf 85' lang='lat' dir='ltr'><strong>gubernium</strong></span> <span class='ocrx_word' id='word_1_104' title='bbox 1043 1881 1130 1928; x_wconf 87' lang='lat' dir='ltr'><strong>nunc</strong></span> <span class='ocrx_word' id='word_1_105' title='bbox 1160 1861 1278 1944; x_wconf 85' lang='lat' dir='ltr'><strong>vigens</strong></span> 
     </span>
     <span class='ocr_line' id='line_1_16' title="bbox 226 1961 1279 2034; baseline -0.003 -6"><span class='ocrx_word' id='word_1_106' title='bbox 226 1962 409 2028; x_wconf 77' lang='lat' dir='ltr'><strong>saeculare.</strong></span> <span class='ocrx_word' id='word_1_107' title='bbox 453 1961 581 2026; x_wconf 88' lang='lat' dir='ltr'><strong>Videas</strong></span> <span class='ocrx_word' id='word_1_108' title='bbox 605 1962 792 2026; x_wconf 83' lang='lat' dir='ltr'><strong>additiones</strong></span> <span class='ocrx_word' id='word_1_109' title='bbox 818 1965 990 2024; x_wconf 77' lang='lat' dir='ltr'><strong>Corinenses</strong></span> <span class='ocrx_word' id='word_1_110' title='bbox 1018 1962 1062 2025; x_wconf 92' lang='lat' dir='ltr'><strong>ad</strong></span> <span class='ocrx_word' id='word_1_111' title='bbox 1092 1961 1279 2034; x_wconf 88' lang='lat' dir='ltr'><strong>concorda-</strong></span> 
     </span>
     <span class='ocr_line' id='line_1_17' title="bbox 226 2064 1279 2152; baseline -0.001 -23"><span class='ocrx_word' id='word_1_112' title='bbox 226 2073 296 2130; x_wconf 91' lang='lat' dir='ltr'><strong>tum</strong></span> <span class='ocrx_word' id='word_1_113' title='bbox 320 2064 501 2136; x_wconf 88' lang='lat' dir='ltr'><strong>Gallicum:</strong></span> <span class='ocrx_word' id='word_1_114' title='bbox 523 2065 619 2128; x_wconf 91' lang='lat' dir='ltr'><strong>simul</strong></span> <span class='ocrx_word' id='word_1_115' title='bbox 642 2071 766 2130; x_wconf 87' lang='lat' dir='ltr'><strong>statum</strong></span> <span class='ocrx_word' id='word_1_116' title='bbox 780 2066 950 2152; x_wconf 89' lang='lat' dir='ltr'><strong>publicum</strong></span> <span class='ocrx_word' id='word_1_117' title='bbox 972 2068 1121 2130; x_wconf 84' lang='lat' dir='ltr'><strong>interris</strong></span> <span class='ocrx_word' id='word_1_118' title='bbox 1143 2065 1279 2131; x_wconf 90' lang='lat' dir='ltr'><strong>Baden-</strong></span> 
     </span>
     <span class='ocr_line' id='line_1_18' title="bbox 226 2166 1278 2254; baseline -0.001 -21"><span class='ocrx_word' id='word_1_119' title='bbox 226 2169 318 2233; x_wconf 89' lang='lat' dir='ltr'><strong>sibus</strong></span> <span class='ocrx_word' id='word_1_120' title='bbox 350 2175 383 2232; x_wconf 90' lang='lat' dir='ltr'><strong>et</strong></span> <span class='ocrx_word' id='word_1_121' title='bbox 411 2166 726 2252; x_wconf 85' lang='lat' dir='ltr'><strong>Wiirtembergicis.</strong></span> <span class='ocrx_word' id='word_1_122' title='bbox 762 2191 793 2232; x_wconf 89' lang='lat' dir='ltr'><strong>v.</strong></span> <span class='ocrx_word' id='word_1_123' title='bbox 816 2171 895 2252; x_wconf 78' lang='lat' dir='ltr'><strong>Moy,</strong></span> <span class='ocrx_word' id='word_1_124' title='bbox 918 2168 1096 2254; x_wconf 83' lang='lat' dir='ltr'><strong>Ephemer.</strong></span> <span class='ocrx_word' id='word_1_125' title='bbox 1118 2176 1196 2234; x_wconf 90' lang='lat' dir='ltr'><strong>tom.</strong></span> <span class='ocrx_word' id='word_1_126' title='bbox 1219 2167 1278 2233; x_wconf 89' lang='lat'>111.</span> 
     </span>
     <span class='ocr_line' id='line_1_19' title="bbox 226 2269 445 2336; baseline -0.018 0"><span class='ocrx_word' id='word_1_127' title='bbox 226 2269 340 2336; x_wconf 91' lang='lat' dir='ltr'><strong>sched.</strong></span> <span class='ocrx_word' id='word_1_128' title='bbox 364 2271 393 2335; x_wconf 79' lang='lat'><strong>7.</strong></span> <span class='ocrx_word' id='word_1_129' title='bbox 417 2271 445 2333; x_wconf 91' lang='lat'><strong>8.</strong></span> 
     </span>
    </p>

    <p class='ocr_par' dir='ltr' id='par_1_5' title="bbox 225 2372 1278 2648">
     <span class='ocr_line' id='line_1_20' title="bbox 267 2372 1278 2458; baseline 0 -20"><span class='ocrx_word' id='word_1_130' title='bbox 267 2372 416 2438; x_wconf 87' lang='lat' dir='ltr'><strong>Concilia</strong></span> <span class='ocrx_word' id='word_1_131' title='bbox 447 2375 661 2439; x_wconf 90' lang='lat' dir='ltr'><strong>oecumenica</strong></span> <span class='ocrx_word' id='word_1_132' title='bbox 690 2393 734 2436; x_wconf 86' lang='lat' dir='ltr'><strong>ex</strong></span> <span class='ocrx_word' id='word_1_133' title='bbox 762 2381 913 2458; x_wconf 88' lang='lat' dir='ltr'><strong>tempore</strong></span> <span class='ocrx_word' id='word_1_134' title='bbox 943 2373 1188 2438; x_wconf 81' lang='lat' dir='ltr'><strong>reformationis</strong></span> <span class='ocrx_word' id='word_1_135' title='bbox 1211 2396 1278 2438; x_wconf 92' lang='lat' dir='ltr'><strong>nou</strong></span> 
     </span>
     <span class='ocr_line' id='line_1_21' title="bbox 225 2475 1277 2563; baseline 0.003 -23"><span class='ocrx_word' id='word_1_136' title='bbox 225 2479 331 2540; x_wconf 90' lang='lat' dir='ltr'><strong>minus</strong></span> <span class='ocrx_word' id='word_1_137' title='bbox 354 2479 522 2562; x_wconf 86' lang='lat' dir='ltr'><strong>pertinent</strong></span> <span class='ocrx_word' id='word_1_138' title='bbox 544 2475 589 2539; x_wconf 90' lang='lat' dir='ltr'><strong>ad</strong></span> <span class='ocrx_word' id='word_1_139' title='bbox 614 2477 671 2562; x_wconf 81' lang='lat' dir='ltr'><strong>jus</strong></span> <span class='ocrx_word' id='word_1_140' title='bbox 700 2478 914 2540; x_wconf 90' lang='lat' dir='ltr'><strong>novissimum</strong></span> <span class='ocrx_word' id='word_1_141' title='bbox 937 2512 978 2522; x_wconf 93' lang='lat'><em>-</em></span> <span class='ocrx_word' id='word_1_142' title='bbox 1001 2477 1160 2563; x_wconf 85' lang='lat' dir='ltr'><strong>imprimis</strong></span> <span class='ocrx_word' id='word_1_143' title='bbox 1185 2475 1277 2542; x_wconf 88' lang='lat' dir='ltr'><strong>Cou-</strong></span> 
     </span>
     <span class='ocr_line' id='line_1_22' title="bbox 225 2579 506 2648; baseline -0.014 0"><span class='ocrx_word' id='word_1_144' title='bbox 225 2579 335 2648; x_wconf 89' lang='lat' dir='ltr'><strong>oilium</strong></span> <span class='ocrx_word' id='word_1_145' title='bbox 358 2579 506 2644; x_wconf 86' lang='lat' dir='ltr'><strong>Trident.</strong></span> 
     </span>
    </p>

    <p class='ocr_par' dir='ltr' id='par_1_6' title="bbox 134 2681 1277 2974">
     <span class='ocr_line' id='line_1_23' title="bbox 134 2681 1277 2768; baseline -0.001 -19"><span class='ocrx_word' id='word_1_146' title='bbox 134 2681 345 2748; x_wconf 74' lang='lat' dir='ltr'><strong>Concubina</strong></span> <span class='ocrx_word' id='word_1_147' title='bbox 368 2703 412 2746; x_wconf 91' lang='lat' dir='ltr'><strong>ex</strong></span> <span class='ocrx_word' id='word_1_148' title='bbox 431 2683 507 2768; x_wconf 87' lang='lat' dir='ltr'><strong>jure</strong></span> <span class='ocrx_word' id='word_1_149' title='bbox 528 2682 681 2748; x_wconf 86' lang='lat' dir='ltr'><strong>Romano</strong></span> <span class='ocrx_word' id='word_1_150' title='bbox 703 2703 769 2746; x_wconf 91' lang='lat' dir='ltr'><strong>non</strong></span> <span class='ocrx_word' id='word_1_151' title='bbox 791 2683 963 2766; x_wconf 86' lang='lat' dir='ltr'><strong>fuituxor,</strong></span> <span class='ocrx_word' id='word_1_152' title='bbox 986 2681 1047 2748; x_wconf 92' lang='lat' dir='ltr'><strong>sed</strong></span> <span class='ocrx_word' id='word_1_153' title='bbox 1062 2685 1182 2747; x_wconf 90' lang='lat' dir='ltr'><strong>marito</strong></span> <span class='ocrx_word' id='word_1_154' title='bbox 1201 2683 1277 2768; x_wconf 87' lang='lat' dir='ltr'><strong>jure</strong></span> 
     </span>
     <span class='ocr_line' id='line_1_24' title="bbox 223 2785 1275 2872; baseline 0.002 -23"><span class='ocrx_word' id='word_1_155' title='bbox 223 2785 330 2872; x_wconf 86' lang='lat' dir='ltr'><strong>ligata</strong></span> <span class='ocrx_word' id='word_1_156' title='bbox 363 2789 428 2866; x_wconf 91' lang='lat' dir='ltr'><strong>ita,</strong></span> <span class='ocrx_word' id='word_1_157' title='bbox 462 2793 500 2850; x_wconf 91' lang='lat' dir='ltr'><strong>ut</strong></span> <span class='ocrx_word' id='word_1_158' title='bbox 522 2785 747 2850; x_wconf 90' lang='lat' dir='ltr'><strong>naturales</strong></span> <span class='ocrx_word' id='word_1_159' title='bbox 781 2789 998 2871; x_wconf 82' lang='lat' dir='ltr'><strong>gignerentur</strong></span> <span class='ocrx_word' id='word_1_160' title='bbox 1022 2785 1134 2852; x_wconf 91' lang='lat' dir='ltr'><strong>liberi:</strong></span> <span class='ocrx_word' id='word_1_161' title='bbox 1159 2789 1275 2851; x_wconf 85' lang='lat' dir='ltr'><strong>uxoris</strong></span> 
     </span>
     <span class='ocr_line' id='line_1_25' title="bbox 222 2888 969 2974; baseline 0.004 -22"><span class='ocrx_word' id='word_1_162' title='bbox 222 2892 330 2957; x_wconf 88' lang='lat' dir='ltr'><strong>vicem</strong></span> <span class='ocrx_word' id='word_1_163' title='bbox 352 2888 455 2956; x_wconf 85' lang='lat' dir='ltr'><strong>habet</strong></span> <span class='ocrx_word' id='word_1_164' title='bbox 477 2897 511 2954; x_wconf 92' lang='lat' dir='ltr'><strong>et</strong></span> <span class='ocrx_word' id='word_1_165' title='bbox 534 2889 769 2974; x_wconf 86' lang='lat' dir='ltr'><strong>appellabatur</strong></span> <span class='ocrx_word' id='word_1_166' title='bbox 791 2892 969 2955; x_wconf 87' lang='lat' dir='ltr'><strong>vicaria.</strong></span> 
     </span>
    </p>

    <p class='ocr_par' dir='ltr' id='par_1_7' title="bbox 258 2992 1277 3078">
     <span class='ocr_line' id='line_1_26' title="bbox 258 2992 1277 3078; baseline 0.001 -21"><span class='ocrx_word' id='word_1_167' title='bbox 258 2993 296 3057; x_wconf 92' lang='lat' dir='ltr'><strong>In</strong></span> <span class='ocrx_word' id='word_1_168' title='bbox 314 2995 391 3078; x_wconf 84' lang='lat' dir='ltr'><strong>jure</strong></span> <span class='ocrx_word' id='word_1_169' title='bbox 415 2995 575 3058; x_wconf 89' lang='lat' dir='ltr'><strong>canonico</strong></span> <span class='ocrx_word' id='word_1_170' title='bbox 600 2994 715 3057; x_wconf 87' lang='lat' dir='ltr'><strong>existit</strong></span> <span class='ocrx_word' id='word_1_171' title='bbox 738 2992 990 3076; x_wconf 81' lang='lat' dir='ltr'><strong>concubinatus,</strong></span> <span class='ocrx_word' id='word_1_172' title='bbox 1014 2997 1043 3056; x_wconf 90' lang='lat' dir='ltr'><strong>si</strong></span> <span class='ocrx_word' id='word_1_173' title='bbox 1065 2993 1182 3058; x_wconf 86' lang='lat' dir='ltr'><strong>mulier</strong></span> <span class='ocrx_word' id='word_1_174' title='bbox 1209 3015 1277 3059; x_wconf 91' lang='lat' dir='ltr'><strong>non</strong></span> 
     </span>
    </p>

    <p class='ocr_par' dir='ltr' id='par_1_8' title="bbox 164 3089 1275 3470">
     <span class='ocr_line' id='line_1_27' title="bbox 164 3089 1275 3164; baseline 0.004 -4"><span class='ocrx_word' id='word_1_175' title='bbox 164 3089 170 3096; x_wconf 63' lang='grc'><strong>”</strong></span> <span class='ocrx_word' id='word_1_176' title='bbox 223 3096 403 3160; x_wconf 82' lang='lat' dir='ltr'><strong>solenniter</strong></span> <span class='ocrx_word' id='word_1_177' title='bbox 433 3097 477 3159; x_wconf 91' lang='lat' dir='ltr'><strong>sit</strong></span> <span class='ocrx_word' id='word_1_178' title='bbox 514 3095 615 3160; x_wconf 91' lang='lat' dir='ltr'><strong>ducta</strong></span> <span class='ocrx_word' id='word_1_179' title='bbox 645 3131 686 3140; x_wconf 96' lang='lat'>—</span> <span class='ocrx_word' id='word_1_180' title='bbox 716 3102 828 3160; x_wconf 90' lang='lat' dir='ltr'><strong>tamen</strong></span> <span class='ocrx_word' id='word_1_181' title='bbox 856 3103 988 3160; x_wconf 92' lang='lat' dir='ltr'><strong>mutuus</strong></span> <span class='ocrx_word' id='word_1_182' title='bbox 1020 3117 1200 3164; x_wconf 81' lang='lat' dir='ltr'><strong>consensus</strong></span> <span class='ocrx_word' id='word_1_183' title='bbox 1231 3099 1275 3164; x_wconf 86' lang='lat' dir='ltr'><strong>ad</strong></span> 
     </span>
     <span class='ocr_line' id='line_1_28' title="bbox 222 3197 1275 3283; baseline 0 -20"><span class='ocrx_word' id='word_1_184' title='bbox 222 3201 326 3263; x_wconf 83' lang='lat' dir='ltr'><strong>vitam</strong></span> <span class='ocrx_word' id='word_1_185' title='bbox 355 3197 621 3262; x_wconf 88' lang='lat' dir='ltr'><strong>individuam</strong></span> <span class='ocrx_word' id='word_1_186' title='bbox 653 3201 840 3262; x_wconf 86' lang='lat' dir='ltr'><strong>intervenit.</strong></span> <span class='ocrx_word' id='word_1_187' title='bbox 884 3197 1002 3283; x_wconf 90' lang='lat' dir='ltr'><strong>Usque</strong></span> <span class='ocrx_word' id='word_1_188' title='bbox 1032 3199 1076 3260; x_wconf 90' lang='lat' dir='ltr'><strong>ad</strong></span> <span class='ocrx_word' id='word_1_189' title='bbox 1106 3200 1275 3264; x_wconf 90' lang='lat' dir='ltr'><strong>saeculum</strong></span> 
     </span>
     <span class='ocr_line' id='line_1_29' title="bbox 222 3301 1274 3388; baseline -0.001 -21"><span class='ocrx_word' id='word_1_190' title='bbox 222 3308 354 3367; x_wconf 86' lang='lat' dir='ltr'><strong>sextum</strong></span> <span class='ocrx_word' id='word_1_191' title='bbox 376 3301 461 3366; x_wconf 89' lang='lat' dir='ltr'><strong>haec</strong></span> <span class='ocrx_word' id='word_1_192' title='bbox 483 3301 600 3364; x_wconf 87' lang='lat' dir='ltr'><strong>mulier</strong></span> <span class='ocrx_word' id='word_1_193' title='bbox 621 3302 779 3386; x_wconf 88' lang='lat' dir='ltr'><strong>legitimis</strong></span> <span class='ocrx_word' id='word_1_194' title='bbox 799 3302 960 3364; x_wconf 88' lang='lat' dir='ltr'><strong>uxoribus</strong></span> <span class='ocrx_word' id='word_1_195' title='bbox 984 3301 1274 3388; x_wconf 85' lang='lat' dir='ltr'><strong>adnumerabatur,</strong></span> 
     </span>
     <span class='ocr_line' id='line_1_30' title="bbox 222 3405 851 3470; baseline -0.002 0"><span class='ocrx_word' id='word_1_196' title='bbox 222 3405 282 3470; x_wconf 91' lang='lat' dir='ltr'><strong>sed</strong></span> <span class='ocrx_word' id='word_1_197' title='bbox 306 3425 371 3468; x_wconf 91' lang='lat' dir='ltr'><strong>non</strong></span> <span class='ocrx_word' id='word_1_198' title='bbox 393 3405 426 3468; x_wconf 93' lang='lat' dir='ltr'><strong>in</strong></span> <span class='ocrx_word' id='word_1_199' title='bbox 448 3405 535 3468; x_wconf 82' lang='lat' dir='ltr'><strong>facie</strong></span> <span class='ocrx_word' id='word_1_200' title='bbox 559 3405 721 3470; x_wconf 87' lang='lat' dir='ltr'><strong>ecclesiae</strong></span> <span class='ocrx_word' id='word_1_201' title='bbox 743 3405 851 3469; x_wconf 88' lang='lat' dir='ltr'><strong>ducta.</strong></span> 
     </span>
    </p>

    <p class='ocr_par' dir='ltr' id='par_1_9' title="bbox 225 3497 1275 3696">
     <span class='ocr_line' id='line_1_31' title="bbox 260 3497 1275 3575; baseline 0.005 -5"><span class='ocrx_word' id='word_1_202' title='bbox 260 3505 356 3571; x_wconf 87' lang='lat' dir='ltr'><strong>Alius</strong></span> <span class='ocrx_word' id='word_1_203' title='bbox 391 3507 629 3572; x_wconf 88' lang='lat' dir='ltr'><strong>concubinatus</strong></span> <span class='ocrx_word' id='word_1_204' title='bbox 659 3497 725 3571; x_wconf 86' lang='lat' dir='ltr'><strong>non</strong></span> <span class='ocrx_word' id='word_1_205' title='bbox 755 3515 827 3572; x_wconf 86' lang='lat' dir='ltr'><strong>erat</strong></span> <span class='ocrx_word' id='word_1_206' title='bbox 859 3508 979 3572; x_wconf 80' lang='lat' dir='ltr'><strong>licitus,</strong></span> <span class='ocrx_word' id='word_1_207' title='bbox 1025 3512 1210 3571; x_wconf 79' lang='lat' dir='ltr'><strong>Thomosria.</strong></span> <span class='ocrx_word' id='word_1_208' title='bbox 1232 3509 1275 3575; x_wconf 89' lang='grc' dir='ltr'><strong>Π.</strong></span> 
     </span>
     <span class='ocr_line' id='line_1_32' title="bbox 225 3610 987 3696; baseline 0.001 -23"><span class='ocrx_word' id='word_1_209' title='bbox 225 3610 281 3675; x_wconf 92' lang='lat' dir='ltr'><strong>lib.</strong></span> <span class='ocrx_word' id='word_1_210' title='bbox 305 3613 331 3672; x_wconf 92' lang='lat'><strong>1.</strong></span> <span class='ocrx_word' id='word_1_211' title='bbox 356 3631 383 3673; x_wconf 90' lang='lat' dir='ltr'><strong>c.</strong></span> <span class='ocrx_word' id='word_1_212' title='bbox 406 3612 456 3674; x_wconf 91' lang='lat'><strong>80.</strong></span> <span class='ocrx_word' id='word_1_213' title='bbox 479 3631 527 3674; x_wconf 89' lang='lat' dir='ltr'><strong>nr.</strong></span> <span class='ocrx_word' id='word_1_214' title='bbox 550 3611 579 3675; x_wconf 89' lang='grc'><strong>3.</strong></span> <span class='ocrx_word' id='word_1_215' title='bbox 602 3611 646 3696; x_wconf 87' lang='lat' dir='ltr'><strong>gl.</strong></span> <span class='ocrx_word' id='word_1_216' title='bbox 670 3611 714 3674; x_wconf 92' lang='lat' dir='ltr'><strong>ad</strong></span> <span class='ocrx_word' id='word_1_217' title='bbox 737 3633 763 3674; x_wconf 91' lang='lat' dir='ltr'><strong>c.</strong></span> <span class='ocrx_word' id='word_1_218' title='bbox 787 3611 816 3675; x_wconf 84' lang='lat'><strong>5.</strong></span> <span class='ocrx_word' id='word_1_219' title='bbox 840 3611 914 3675; x_wconf 87' lang='lat' dir='ltr'><strong>dist.</strong></span> <span class='ocrx_word' id='word_1_220' title='bbox 937 3612 987 3674; x_wconf 76' lang='lat'><strong>34.</strong></span> 
     </span>
    </p>

    <p class='ocr_par' dir='ltr' id='par_1_10' title="bbox 220 3705 1275 4211">
     <span class='ocr_line' id='line_1_33' title="bbox 259 3705 1275 3800; baseline 0.002 -24"><span class='ocrx_word' id='word_1_221' title='bbox 259 3713 298 3776; x_wconf 93' lang='lat' dir='ltr'><strong>In</strong></span> <span class='ocrx_word' id='word_1_222' title='bbox 314 3713 392 3798; x_wconf 82' lang='lat' dir='ltr'><strong>jure</strong></span> <span class='ocrx_word' id='word_1_223' title='bbox 415 3705 642 3778; x_wconf 89' lang='lat' dir='ltr'><strong>recentissimo</strong></span> <span class='ocrx_word' id='word_1_224' title='bbox 672 3714 737 3779; x_wconf 92' lang='lat' dir='ltr'><strong>hoc</strong></span> <span class='ocrx_word' id='word_1_225' title='bbox 768 3715 877 3780; x_wconf 90' lang='lat' dir='ltr'><strong>adhuc</strong></span> <span class='ocrx_word' id='word_1_226' title='bbox 902 3717 1005 3800; x_wconf 84' lang='lat' dir='ltr'><strong>justis</strong></span> <span class='ocrx_word' id='word_1_227' title='bbox 1035 3715 1161 3798; x_wconf 90' lang='lat' dir='ltr'><strong>nuptiis</strong></span> <span class='ocrx_word' id='word_1_228' title='bbox 1192 3734 1275 3778; x_wconf 90' lang='lat' dir='ltr'><strong>con-</strong></span> 
     </span>
     <span class='ocr_line' id='line_1_34' title="bbox 223 3816 1273 3902; baseline 0.004 -23"><span class='ocrx_word' id='word_1_229' title='bbox 223 3816 367 3898; x_wconf 87' lang='lat' dir='ltr'><strong>ceditur,</strong></span> <span class='ocrx_word' id='word_1_230' title='bbox 398 3818 427 3880; x_wconf 90' lang='lat' dir='ltr'><strong>si</strong></span> <span class='ocrx_word' id='word_1_231' title='bbox 457 3817 618 3901; x_wconf 86' lang='lat' dir='ltr'><strong>conjuges</strong></span> <span class='ocrx_word' id='word_1_232' title='bbox 641 3818 684 3881; x_wconf 89' lang='lat' dir='ltr'><strong>ab</strong></span> <span class='ocrx_word' id='word_1_233' title='bbox 708 3818 849 3883; x_wconf 88' lang='lat' dir='ltr'><strong>ecclesia</strong></span> <span class='ocrx_word' id='word_1_234' title='bbox 878 3837 987 3902; x_wconf 89' lang='lat' dir='ltr'><strong>neque</strong></span> <span class='ocrx_word' id='word_1_235' title='bbox 1015 3816 1183 3882; x_wconf 83' lang='lat' dir='ltr'><strong>benedicti</strong></span> <span class='ocrx_word' id='word_1_236' title='bbox 1211 3839 1273 3884; x_wconf 89' lang='lat' dir='ltr'><strong>ne-</strong></span> 
     </span>
     <span class='ocr_line' id='line_1_35' title="bbox 225 3918 1273 4006; baseline 0.002 -24"><span class='ocrx_word' id='word_1_237' title='bbox 225 3940 289 4004; x_wconf 92' lang='lat' dir='ltr'><strong>que</strong></span> <span class='ocrx_word' id='word_1_238' title='bbox 318 3918 539 4004; x_wconf 85' lang='lat' dir='ltr'><strong>parochorum</strong></span> <span class='ocrx_word' id='word_1_239' title='bbox 563 3923 756 3984; x_wconf 87' lang='lat' dir='ltr'><strong>assistentia</strong></span> <span class='ocrx_word' id='word_1_240' title='bbox 772 3921 918 4006; x_wconf 87' lang='lat' dir='ltr'><strong>copulati</strong></span> <span class='ocrx_word' id='word_1_241' title='bbox 939 3921 1083 4002; x_wconf 81' lang='lat' dir='ltr'><strong>fuerunt,</strong></span> <span class='ocrx_word' id='word_1_242' title='bbox 1106 3941 1180 3984; x_wconf 91' lang='lat' dir='ltr'><strong>cum</strong></span> <span class='ocrx_word' id='word_1_243' title='bbox 1200 3942 1273 3984; x_wconf 89' lang='lat' dir='ltr'><strong>ma-</strong></span> 
     </span>
     <span class='ocr_line' id='line_1_36' title="bbox 220 4022 1272 4110; baseline 0.003 -25"><span class='ocrx_word' id='word_1_244' title='bbox 220 4023 409 4086; x_wconf 91' lang='lat' dir='ltr'><strong>trimonium</strong></span> <span class='ocrx_word' id='word_1_245' title='bbox 439 4043 478 4086; x_wconf 94' lang='lat' dir='ltr'><strong>eo</strong></span> <span class='ocrx_word' id='word_1_246' title='bbox 507 4022 582 4086; x_wconf 91' lang='lat' dir='ltr'><strong>loco</strong></span> <span class='ocrx_word' id='word_1_247' title='bbox 605 4025 794 4108; x_wconf 84' lang='lat' dir='ltr'><strong>perficitur,</strong></span> <span class='ocrx_word' id='word_1_248' title='bbox 825 4045 891 4110; x_wconf 91' lang='lat' dir='ltr'><strong>quo</strong></span> <span class='ocrx_word' id='word_1_249' title='bbox 915 4023 1098 4090; x_wconf 86' lang='lat' dir='ltr'><strong>Concilium</strong></span> <span class='ocrx_word' id='word_1_250' title='bbox 1128 4025 1272 4090; x_wconf 84' lang='lat' dir='ltr'><strong>Triden-</strong></span> 
     </span>
     <span class='ocr_line' id='line_1_37' title="bbox 221 4125 1209 4211; baseline 0.006 -25"><span class='ocrx_word' id='word_1_251' title='bbox 221 4126 337 4187; x_wconf 86' lang='lat' dir='ltr'><strong>tinium</strong></span> <span class='ocrx_word' id='word_1_252' title='bbox 365 4125 490 4209; x_wconf 91' lang='lat' dir='ltr'><strong>publici</strong></span> <span class='ocrx_word' id='word_1_253' title='bbox 513 4126 598 4211; x_wconf 86' lang='lat' dir='ltr'><strong>juris</strong></span> <span class='ocrx_word' id='word_1_254' title='bbox 620 4147 686 4190; x_wconf 91' lang='lat' dir='ltr'><strong>non</strong></span> <span class='ocrx_word' id='word_1_255' title='bbox 709 4135 761 4192; x_wconf 89' lang='lat' dir='ltr'><strong>est</strong></span> <span class='ocrx_word' id='word_1_256' title='bbox 783 4129 918 4192; x_wconf 81' lang='lat' dir='ltr'><strong>factum.</strong></span> <span class='ocrx_word' id='word_1_257' title='bbox 963 4128 1209 4194; x_wconf 69' lang='lat' dir='ltr'><strong>Phocaicis.</strong></span> 
     </span>
    </p>

    <p class='ocr_par' dir='ltr' id='par_1_11' title="bbox 260 4227 1273 4318">
     <span class='ocr_line' id='line_1_38' title="bbox 260 4227 1273 4318; baseline 0.003 -27"><span class='ocrx_word' id='word_1_258' title='bbox 260 4227 299 4291; x_wconf 91' lang='lat' dir='ltr'><strong>In</strong></span> <span class='ocrx_word' id='word_1_259' title='bbox 317 4229 392 4313; x_wconf 83' lang='lat' dir='ltr'><strong>jure</strong></span> <span class='ocrx_word' id='word_1_260' title='bbox 415 4227 614 4293; x_wconf 84' lang='lat' dir='ltr'><strong>Germanico</strong></span> <span class='ocrx_word' id='word_1_261' title='bbox 637 4229 725 4294; x_wconf 89' lang='lat' dir='ltr'><strong>civili</strong></span> <span class='ocrx_word' id='word_1_262' title='bbox 746 4233 991 4295; x_wconf 88' lang='lat' dir='ltr'><strong>matrimonium</strong></span> <span class='ocrx_word' id='word_1_263' title='bbox 1021 4232 1155 4318; x_wconf 89' lang='lat' dir='ltr'><strong>quidem</strong></span> <span class='ocrx_word' id='word_1_264' title='bbox 1186 4231 1273 4316; x_wconf 87' lang='lat' dir='ltr'><strong>legi-</strong></span> 
     </span>
    </p>
   </div>
   <div class='ocr_carea' id='block_1_3' title="bbox 220 4332 1272 4424">
    <p class='ocr_par' dir='ltr' id='par_1_12' title="bbox 220 4332 1272 4424">
     <span class='ocr_line' id='line_1_39' title="bbox 220 4332 1272 4424; baseline 0.008 -28"><span class='ocrx_word' id='word_1_265' title='bbox 220 4333 336 4398; x_wconf 88' lang='lat' dir='ltr'><strong>timum</strong></span> <span class='ocrx_word' id='word_1_266' title='bbox 359 4339 393 4398; x_wconf 90' lang='lat' dir='ltr'><strong>ct</strong></span> <span class='ocrx_word' id='word_1_267' title='bbox 404 4340 514 4398; x_wconf 89' lang='lat' dir='ltr'><strong>ratum</strong></span> <span class='ocrx_word' id='word_1_268' title='bbox 537 4342 599 4422; x_wconf 88' lang='lat' dir='ltr'><strong>est,</strong></span> <span class='ocrx_word' id='word_1_269' title='bbox 621 4332 681 4398; x_wconf 93' lang='lat' dir='ltr'><strong>sed</strong></span> <span class='ocrx_word' id='word_1_270' title='bbox 703 4342 841 4424; x_wconf 88' lang='lat' dir='ltr'><strong>propter</strong></span> <span class='ocrx_word' id='word_1_271' title='bbox 864 4336 1031 4423; x_wconf 85' lang='lat' dir='ltr'><strong>quandam</strong></span> <span class='ocrx_word' id='word_1_272' title='bbox 1048 4342 1156 4404; x_wconf 86' lang='lat' dir='ltr'><strong>status</strong></span> <span class='ocrx_word' id='word_1_273' title='bbox 1178 4337 1272 4404; x_wconf 81' lang='lat' dir='ltr'><strong>inae-</strong></span> 
     </span>
    </p>
   </div>
   <div class='ocr_carea' id='block_1_4' title="bbox 0 0 1558 5138">
    <p class='ocr_par' dir='ltr' id='par_1_13' title="bbox 0 0 1558 5138">
     <span class='ocr_line' id='line_1_40' title="bbox 0 0 1558 5138; baseline 0 1"><span class='ocrx_word' id='word_1_274' title='bbox 0 0 1558 5138; x_wconf 95' lang='lat' dir='ltr'><strong> </strong></span> 
     </span>
    </p>
   </div>
  </div>
 </body>
</html>
